2862 4838
615 376 982 470 41tc-·

233 687 235 692 Δ
261 607 315 667 c'os
337 593 575 692 expeditione,
601 583 703 685 quam
721 595 782 665 ,vix
804 594 915 682 attigit
940 575 1073 688 Nepos,
1098 579 1236 672 alitio

262 711 379 782 saltem
407 727 442 778 et
469 711 631 805 Appiano
656 709 847 798 consultum
875 710 997 792 luisse,
1028 707 1127 774 facile
1152 731 1232 800 mee
1275 799 1278 806 Δ

261 851 338 894 cunt
365 843 489 892 statuet
524 825 678 915 quisquis
712 823 908 892 eorum'de·
931 822 1097 891 Antiochi
1126 822 1233 890 Chal·
1288 837 1291 844 '

261 941 339 1008 cide
362 938 517 1026 degentis
537 940 627 1026 vita,
650 923 798 1005 milittim
816 923 973 1021 incuria,
996 938 1082 1018 otio',
1106 937 1237 1029 nuptiis
1282 943 1284 947 ’

238 1071 328 1122 etc.
361 1041 513 1132 tradita,
560 1076 637 1118 cum
679 1051 829 1142 Polybii·
850 1050 1006 1144 reliquiis
1022 1041 1237 1117 contulerit.

262 1171 373 1237 Locus
394 1169 482 1236 Livii
512 1185 563 1234 est
588 1166 652 1234 lib.
672 1167 834 1235 XXXVI.
861 1189 891 1232 c.
914 1191 965 1233 11.
995 1165 1152 1256 Appiani
1168 1161 1238 1236 ’Συ-

261 1287 351 1372 ριακῆ
371 1307 407 1376 p.
427 1285 487 1374 95,
510 1285 564 1372 96.
616 1280 751 1372 Polybii
771 1303 852 1349 vero
871 1279 990 1367 fragm.
1023 1286 1058 1349 ἐκ
1078 1280 1135 1358 τῆς
1158 1284 1237 1349 riuo-

264 1407 362 1479 στῆς,
383 1395 469 1472 edit.
486 1396 633 1462 Casaub.
645 1420 681 1485 p.
698 1396 773 1484 984.
798 1391 890 1485 apud
905 1393 1122 1471 Athenaeum
1132 1393 1172 1459 L.
1187 1392 1234 1462 X.

189 1554 198 1568 .,
265 1535 302 1606 p.
320 1511 404 1601 459,
424 1510 532 1594 E,F.
575 1510 779 1576 Narraveret
798 1508 903 1594 igitur
930 1507 1237 1598 Megalopolitanus
1315 1533 1319 1544 ·

265 1623 325 1692 ille
338 1609 504 1692 antiochi
517 1621 790 1715 expeditionem,
815 1620 859 1690 de
877 1647 945 1716 qua
962 1623 1021 1690 hic
1043 1624 1173 1710 agitur,
1187 1620 1236 1687 li-

142 1743 151 1760 ‘
267 1740 333 1807 ltro
348 1739 417 1805 XX
435 1735 658 1805 Historiarum
678 1760 838 1821 suarum,
863 1761 965 1830 quem
985 1762 1066 1806 cum-
1088 1753 1140 1805 tot
1167 1721 1239 1804 iliis

273 1852 416 1946 periisse
437 1854 584 1920 marime⁴
599 1849 808 1918 dolendum!

312 1963 440 2031 Tradit
467 1955 644 2054 praeterea
677 1967 815 2052 Nepos,
847 1982 926 2057 post
949 1959 1118 2055 proelium
1145 1963 1239 2052 apud

272 2075 543 2172 Thermopylas,
579 2057 807 2148 Hannibalem
829 2079 871 2145 ab
901 2059 1075 2148 'Antiocho
1102 2077 1241 2144 missum
1266 2139 1267 2146 ,

227 2217 233 2229 ·
268 2173 372 2262 luisse
401 2193 439 2259 in
469 2192 601 2282 Syriam
634 2190 684 2257 ad.
713 2215 814 2286 naves
847 2191 1083 2276 arcessendas,
1124 2191 1242 2281 eisque

263 2308 457 2401 praefuisse
486 2304 646 2372 adversus
665 2303 881 2374 Rhodiorum
906 2308 1065 2388 classem,
1097 2317 1244 2394 quaeum
1362 2341 1365 2350 ,

276 2419 313 2488 in
336 2421 422 2524 mari
449 2416 652 2510 Pamphylio
679 2419 860 2500 conflixit,
892 2435 927 2486 et
952 2421 1085 2506 egregia
1110 2418 1273 2488 virtutis,
1380 2447 1387 2458 ·

276 2531 387 2601 edidit
414 2529 631 2598 documenta.
676 2529 866 2623 Utramque
884 2557 957 2601 rem
979 2531 1087 2599 refert
1109 2531 1244 2612 Livius,

272 2646 331 2717 sed
352 2645 487 2740 plenius
512 2643 610 2734 (46).
714 2628 716 2636 ¹

315 2761 490 2830 Antiocho
516 2758 650 2845 fugato,
681 2749 802 2843 ve'rens
830 2782 875 2827 ne
907 2757 1114 2847 dederetur,
1149 2755 1245 2851 quod

274 2854 353 2948 sirie
384 2875 491 2943 du'bio
529 2871 709 2940 accidisset
745 2876 773 2940 si
817 2876 882 2941 sui·
907 2875 1043 2945 fecisset
1086 2889 1243 2964 potesta-

275 3009 342 3058 tem
373 2981 480 3077 (47'),
513 2989 608 3055 venit
635 2991 673 3053 in
701 2978 837 3057 Cretam
865 2989 1010 3056 insulam
1037 2987 1080 3055 ad
1110 2988 1246 3077 Gorty-

274 3106 360 3169 nios.
399 3103 559 3168 'Novum
599 3107 826 3192 'commentum
856 3103 931 3196 'qu'o
967 3103 1023 3190 ltic
1061 3102 1247 3192 Gortynios

277 3214 407 3299 illusit,
427 3239 508 3280 cum
523 3217 655 3309 Nepote
673 3215 922 3299 relertltistin.
946 3221 986 3288 L.
1002 3219 1151 3286 XXXII.
1169 3237 1197 3281 c.
1212 3217 1247 3281 4.
1331 3206 1333 3212 ¹

279 3328 365 3396 Tale
385 3331 563 3400 consilium
583 3333 712 3420 cepisse
731 3331 976 3415 Hannibalem,
1000 3350 1039 3398 ut
1060 3357 1095 3399 se
1122 3347 1262 3420 resque·

190 3517 196 3531 ²
274 3519 523 3550 ...pm

239 3637 241 3641 ¹
311 3647 323 3716 4
330 3638 462 3715 6)Nrr
481 3656 506 3695 c.
521 3646 546 3696 8.
560 3649 631 3696 extr.
667 3641 733 3700 Vid.
749 3587 1059 3704 st.L.XXXV11·0·
1074 3660 1105 3697 10
1125 3643 1213 3696 01²3
1267 3603 1280 3616 =

275 3735 379 3806 (47)
398 3733 465 3788 Nur.
483 3741 510 3788 'c.
510 3753 554 3806 9.
587 3729 693 3800 Recte,
719 3731 928 3790 conditionibus
949 3738 1024 3793 enim
1049 3734 1125 3811 pacis
1143 3731 1246 3787 Antio
1294 3749 1299 3758 ·

192 3806 195 3824 ⁴
274 3817 327 3875 cho
345 3840 361 3875 a
380 3817 521 3877 Romanis
531 3819 613 3876 datae
635 3817 707 3882 ltaec
725 3818 865 3900 aturripta
882 3837 956 3882 erat·
977 3852 990 3882 e
1007 3827 1123 3887 Arriano
1139 3823 1248 3878 ἐκδοῦναι

276 3909 317 3962 τὸν
331 3908 524 3981 Καρχηδόνισνθ
553 3907 617 3967 Vid
637 3908 731 3966 Putre
751 3913 889 3991 Excerpt.
907 3920 1004 3994 legat.
1023 3908 1130 3976 xle.
1148 3918 1247 3990 98¹7,-

277 3995 345 4056 Post
360 4017 427 4056 eum
445 4002 506 4060 lut.
525 4001 706 4063 XXXVIII.
714 4005 757 4060 38.
772 4005 901 4062 Euenor.
920 4005 969 4067 tv
989 4026 1013 4063 ε.
1326 4021 1330 4025 “
