<?xml version="1.0" encoding="UTF-8"?>
<!DOCTYPE html PUBLIC "-//W3C//DTD XHTML 1.0 Transitional//EN"
    "http://www.w3.org/TR/xhtml1/DTD/xhtml1-transitional.dtd">
<html xmlns="http://www.w3.org/1999/xhtml" xml:lang="en" lang="en">
 <head>
  <title>
</title>
<meta http-equiv="Content-Type" content="text/html;charset=utf-8" />
  <meta name='ocr-system' content='tesseract 3.04.00' />
  <meta name='ocr-capabilities' content='ocr_page ocr_carea ocr_par ocr_line ocrx_word'/>
</head>
<body>
  <div class='ocr_page' id='page_1' title='image "./disquisitiocrit00hisegoog_0148.png"; bbox 0 0 2862 4838; ppageno 0'>
   <div class='ocr_carea' id='block_1_1' title="bbox 455 379 822 557">
    <p class='ocr_par' dir='ltr' id='par_1_1' title="bbox 455 379 822 557">
     <span class='ocr_line' id='line_1_1' title="bbox 455 379 822 557; baseline -0.022 -36"><span class='ocrx_word' id='word_1_1' title='bbox 455 541 460 557; x_wconf 60' lang='lat'><strong>.</strong></span> <span class='ocrx_word' id='word_1_2' title='bbox 552 443 725 550; x_wconf 80' lang='lat' dir='ltr'><strong>-tae</strong></span> <span class='ocrx_word' id='word_1_3' title='bbox 768 379 822 512; x_wconf 51' lang='grc'><strong>’.-</strong></span> 
     </span>
    </p>
   </div>
   <div class='ocr_carea' id='block_1_2' title="bbox 160 629 1180 1073">
    <p class='ocr_par' dir='ltr' id='par_1_2' title="bbox 193 629 1179 846">
     <span class='ocr_line' id='line_1_2' title="bbox 205 629 1179 734; baseline 0.007 -24"><span class='ocrx_word' id='word_1_4' title='bbox 205 641 358 723; x_wconf 64' lang='lat' dir='ltr'><strong>warrior,</strong></span> <span class='ocrx_word' id='word_1_5' title='bbox 382 636 436 710; x_wconf 71' lang='lat' dir='ltr'><strong>ael</strong></span> <span class='ocrx_word' id='word_1_6' title='bbox 454 631 524 718; x_wconf 65' lang='lat' dir='ltr'><strong>rode</strong></span> <span class='ocrx_word' id='word_1_7' title='bbox 541 637 576 711; x_wconf 74' lang='lat' dir='ltr'><strong>ta</strong></span> <span class='ocrx_word' id='word_1_8' title='bbox 594 644 652 720; x_wconf 70' lang='grc' dir='ltr'><strong>τῆξ</strong></span> <span class='ocrx_word' id='word_1_9' title='bbox 668 643 784 730; x_wconf 67' lang='grc' dir='ltr'><strong>’μάχης</strong></span> <span class='ocrx_word' id='word_1_10' title='bbox 803 629 1017 732; x_wconf 67' lang='grc' dir='ltr'><strong>διαφῦγονταις</strong></span> <span class='ocrx_word' id='word_1_11' title='bbox 1030 645 1179 734; x_wconf 60' lang='lat' dir='ltr'><strong>iratast·</strong></span> 
     </span>
     <span class='ocr_line' id='line_1_3' title="bbox 193 751 952 846; baseline 0.009 -23"><span class='ocrx_word' id='word_1_12' title='bbox 193 756 334 836; x_wconf 55' lang='lat' dir='ltr'><strong>&#39;Britan</strong></span> <span class='ocrx_word' id='word_1_13' title='bbox 357 751 443 824; x_wconf 66' lang='grc' dir='ltr'><strong>ὅπλα</strong></span> <span class='ocrx_word' id='word_1_14' title='bbox 461 757 514 826; x_wconf 72' lang='lat' dir='ltr'><strong>tat</strong></span> <span class='ocrx_word' id='word_1_15' title='bbox 536 759 761 844; x_wconf 69' lang='grc' dir='ltr'><strong>μηχανήματα</strong></span> <span class='ocrx_word' id='word_1_16' title='bbox 780 751 952 846; x_wconf 64' lang='grc' dir='ltr'><strong><em>εἰργάζετο.</em></strong></span> 
     </span>
    </p>

    <p class='ocr_par' dir='ltr' id='par_1_3' title="bbox 160 861 1180 1073">
     <span class='ocr_line' id='line_1_4' title="bbox 160 861 1180 962; baseline 0.009 -28"><span class='ocrx_word' id='word_1_17' title='bbox 160 943 163 950; x_wconf 47' lang='grc'><strong>,</strong></span> <span class='ocrx_word' id='word_1_18' title='bbox 251 863 318 935; x_wconf 85' lang='lat' dir='ltr'><strong>Res</strong></span> <span class='ocrx_word' id='word_1_19' title='bbox 349 881 527 960; x_wconf 82' lang='lat' dir='ltr'><strong>praeterea</strong></span> <span class='ocrx_word' id='word_1_20' title='bbox 558 869 601 936; x_wconf 83' lang='lat' dir='ltr'><strong>ab</strong></span> <span class='ocrx_word' id='word_1_21' title='bbox 636 864 828 940; x_wconf 79' lang='lat' dir='ltr'>Hannibale</span> <span class='ocrx_word' id='word_1_22' title='bbox 858 873 897 939; x_wconf 92' lang='lat' dir='ltr'><strong>in</strong></span> <span class='ocrx_word' id='word_1_23' title='bbox 923 861 1042 943; x_wconf 75' lang='lat' dir='ltr'><strong>Africa</strong></span> <span class='ocrx_word' id='word_1_24' title='bbox 1072 885 1180 962; x_wconf 80' lang='lat' dir='ltr'><strong>gestas</strong></span> 
     </span>
     <span class='ocr_line' id='line_1_5' title="bbox 208 979 691 1073; baseline 0.014 -27"><span class='ocrx_word' id='word_1_25' title='bbox 208 997 366 1048; x_wconf 79' lang='lat' dir='ltr'><strong>recenset</strong></span> <span class='ocrx_word' id='word_1_26' title='bbox 386 979 568 1073; x_wconf 84' lang='lat' dir='ltr'><strong>Appianus</strong></span> <span class='ocrx_word' id='word_1_27' title='bbox 588 979 691 1053; x_wconf 79' lang='lat' dir='ltr'><strong>infra.</strong></span> 
     </span>
    </p>
   </div>
   <div class='ocr_carea' id='block_1_3' title="bbox 251 1095 1181 1193">
    <p class='ocr_par' dir='ltr' id='par_1_4' title="bbox 251 1095 1181 1193">
     <span class='ocr_line' id='line_1_6' title="bbox 251 1095 1181 1193; baseline 0.007 -32"><span class='ocrx_word' id='word_1_28' title='bbox 251 1095 356 1163; x_wconf 89' lang='lat' dir='ltr'><strong>Anno</strong></span> <span class='ocrx_word' id='word_1_29' title='bbox 378 1119 397 1163; x_wconf 88' lang='lat' dir='ltr'><strong>a</strong></span> <span class='ocrx_word' id='word_1_30' title='bbox 415 1119 500 1190; x_wconf 89' lang='lat' dir='ltr'><strong>paee</strong></span> <span class='ocrx_word' id='word_1_31' title='bbox 528 1118 605 1166; x_wconf 87' lang='lat' dir='ltr'><strong>eum</strong></span> <span class='ocrx_word' id='word_1_32' title='bbox 624 1099 816 1167; x_wconf 82' lang='lat' dir='ltr'><strong>Romanis</strong></span> <span class='ocrx_word' id='word_1_33' title='bbox 805 1097 891 1167; x_wconf 84' lang='lat' dir='ltr'><strong>mita</strong></span> <span class='ocrx_word' id='word_1_34' title='bbox 912 1099 1089 1193; x_wconf 82' lang='lat' dir='ltr'><strong>proximo,</strong></span> <span class='ocrx_word' id='word_1_35' title='bbox 1119 1120 1181 1167; x_wconf 85' lang='lat' dir='ltr'><strong>ar-</strong></span> 
     </span>
    </p>
   </div>
   <div class='ocr_carea' id='block_1_4' title="bbox 208 1207 1268 1306">
    <p class='ocr_par' dir='ltr' id='par_1_5' title="bbox 208 1207 1268 1306">
     <span class='ocr_line' id='line_1_7' title="bbox 208 1207 1268 1306; baseline 0.004 -30"><span class='ocrx_word' id='word_1_36' title='bbox 208 1211 312 1298; x_wconf 83' lang='lat' dir='ltr'><strong>genti</strong></span> <span class='ocrx_word' id='word_1_37' title='bbox 326 1227 512 1297; x_wconf 78' lang='lat' dir='ltr'><strong>summam,</strong></span> <span class='ocrx_word' id='word_1_38' title='bbox 548 1229 652 1304; x_wconf 82' lang='lat' dir='ltr'><strong>quam</strong></span> <span class='ocrx_word' id='word_1_39' title='bbox 681 1213 865 1306; x_wconf 83' lang='lat' dir='ltr'>quotannis</span> <span class='ocrx_word' id='word_1_40' title='bbox 891 1214 1077 1284; x_wconf 77' lang='lat' dir='ltr'><strong>victoribus</strong></span> <span class='ocrx_word' id='word_1_41' title='bbox 1106 1207 1180 1280; x_wconf 83' lang='lat' dir='ltr'><strong>sol·</strong></span> <span class='ocrx_word' id='word_1_42' title='bbox 1266 1223 1268 1228; x_wconf 85' lang='lat'>&#39;</span> 
     </span>
    </p>
   </div>
   <div class='ocr_carea' id='block_1_5' title="bbox 208 1323 1183 1417">
    <p class='ocr_par' dir='ltr' id='par_1_6' title="bbox 208 1323 1183 1417">
     <span class='ocr_line' id='line_1_8' title="bbox 208 1323 1183 1417; baseline 0.003 -25"><span class='ocrx_word' id='word_1_43' title='bbox 208 1345 288 1392; x_wconf 86' lang='lat' dir='ltr'><strong>vere</strong></span> <span class='ocrx_word' id='word_1_44' title='bbox 312 1323 488 1394; x_wconf 78' lang='lat' dir='ltr'><strong>debebant</strong></span> <span class='ocrx_word' id='word_1_45' title='bbox 507 1327 609 1411; x_wconf 80' lang='lat' dir='ltr'><strong>vieti,</strong></span> <span class='ocrx_word' id='word_1_46' title='bbox 632 1331 782 1417; x_wconf 91' lang='lat' dir='ltr'><strong>primum</strong></span> <span class='ocrx_word' id='word_1_47' title='bbox 803 1327 1012 1398; x_wconf 84' lang='lat' dir='ltr'><strong>advexerunt</strong></span> <span class='ocrx_word' id='word_1_48' title='bbox 1032 1329 1183 1396; x_wconf 81' lang='lat' dir='ltr'><strong>Cartha-</strong></span> 
     </span>
    </p>
   </div>
   <div class='ocr_carea' id='block_1_6' title="bbox 208 1435 1184 1648">
    <p class='ocr_par' dir='ltr' id='par_1_7' title="bbox 208 1435 1184 1648">
     <span class='ocr_line' id='line_1_9' title="bbox 208 1435 1184 1538; baseline 0.009 -35"><span class='ocrx_word' id='word_1_49' title='bbox 208 1435 414 1526; x_wconf 82' lang='lat' dir='ltr'><strong>giniensium</strong></span> <span class='ocrx_word' id='word_1_50' title='bbox 436 1439 538 1527; x_wconf 84' lang='lat' dir='ltr'><strong>legati</strong></span> <span class='ocrx_word' id='word_1_51' title='bbox 569 1443 679 1534; x_wconf 83' lang='lat'><strong>(50),</strong></span> <span class='ocrx_word' id='word_1_52' title='bbox 717 1467 778 1534; x_wconf 84' lang='lat' dir='ltr'><strong>qur</strong></span> <span class='ocrx_word' id='word_1_53' title='bbox 768 1435 918 1509; x_wconf 87' lang='lat' dir='ltr'><strong>simul</strong></span> <span class='ocrx_word' id='word_1_54' title='bbox 919 1469 938 1510; x_wconf 92' lang='lat' dir='ltr'><strong>a</strong></span> <span class='ocrx_word' id='word_1_55' title='bbox 963 1444 1089 1512; x_wconf 80' lang='lat' dir='ltr'><strong>Senatu</strong></span> <span class='ocrx_word' id='word_1_56' title='bbox 1114 1463 1184 1538; x_wconf 89' lang='lat' dir='ltr'><strong>pe·</strong></span> 
     </span>
     <span class='ocr_line' id='line_1_10' title="bbox 211 1543 1182 1648; baseline 0.001 -28"><span class='ocrx_word' id='word_1_57' title='bbox 211 1565 343 1639; x_wconf 86' lang='lat' dir='ltr'><strong>terent,</strong></span> <span class='ocrx_word' id='word_1_58' title='bbox 365 1573 405 1622; x_wconf 91' lang='lat' dir='ltr'><strong>ut</strong></span> <span class='ocrx_word' id='word_1_59' title='bbox 425 1552 564 1624; x_wconf 84' lang='lat' dir='ltr'><strong>obsides</strong></span> <span class='ocrx_word' id='word_1_60' title='bbox 579 1581 698 1625; x_wconf 90' lang='lat' dir='ltr'><strong>eorum</strong></span> <span class='ocrx_word' id='word_1_61' title='bbox 721 1556 884 1644; x_wconf 82' lang='lat' dir='ltr'><strong>Fregellis</strong></span> <span class='ocrx_word' id='word_1_62' title='bbox 904 1571 1043 1640; x_wconf 86' lang='lat' dir='ltr'><strong>essent,</strong></span> <span class='ocrx_word' id='word_1_63' title='bbox 1068 1543 1182 1648; x_wconf 86' lang='lat' dir='ltr'><strong>eaptl-</strong></span> 
     </span>
    </p>
   </div>
   <div class='ocr_carea' id='block_1_7' title="bbox 128 1645 1239 1765">
    <p class='ocr_par' dir='ltr' id='par_1_8' title="bbox 128 1645 1274 1765">
     <span class='ocr_line' id='line_1_11' title="bbox 128 1645 1239 1765; baseline 0.004 -31"><span class='ocrx_word' id='word_1_64' title='bbox 128 1729 134 1750; x_wconf 47' lang='lat'><strong>,</strong></span> <span class='ocrx_word' id='word_1_65' title='bbox 211 1669 315 1757; x_wconf 84' lang='lat' dir='ltr'><strong>vique</strong></span> <span class='ocrx_word' id='word_1_66' title='bbox 334 1663 568 1737; x_wconf 81' lang='lat' dir='ltr'><strong>redderentur</strong></span> <span class='ocrx_word' id='word_1_67' title='bbox 590 1645 689 1760; x_wconf 82' lang='lat'><strong>(51).</strong></span> <span class='ocrx_word' id='word_1_68' title='bbox 739 1669 832 1765; x_wconf 89' lang='lat' dir='ltr'><strong>Illud</strong></span> <span class='ocrx_word' id='word_1_69' title='bbox 857 1669 1050 1762; x_wconf 86' lang='lat' dir='ltr'><strong>quidem</strong></span> <span class='ocrx_word' id='word_1_70' title='bbox 1020 1685 1068 1737; x_wconf 84' lang='lat' dir='ltr'><strong>&#39;ers</strong></span> <span class='ocrx_word' id='word_1_71' title='bbox 1095 1687 1183 1740; x_wconf 85' lang='lat' dir='ltr'><strong>eon·</strong></span> <span class='ocrx_word' id='word_1_72' title='bbox 1236 1659 1239 1666; x_wconf 39' lang='lat'><strong>¹</strong></span> 
     </span>
    </p>
   </div>
   <div class='ocr_carea' id='block_1_8' title="bbox 144 1777 1189 2330">
    <p class='ocr_par' dir='ltr' id='par_1_9' title="bbox 144 1777 1183 2223">
     <span class='ocr_line' id='line_1_12' title="bbox 144 1777 1182 1878; baseline 0 -28"><span class='ocrx_word' id='word_1_73' title='bbox 144 1866 148 1878; x_wconf 27' lang='grc' dir='ltr'>ι</span> <span class='ocrx_word' id='word_1_74' title='bbox 213 1805 362 1869; x_wconf 80' lang='lat' dir='ltr'><strong>cessum,</strong></span> <span class='ocrx_word' id='word_1_75' title='bbox 386 1783 736 1874; x_wconf 81' lang='lat' dir='ltr'><strong>hoeteronegatum,</strong></span> <span class='ocrx_word' id='word_1_76' title='bbox 761 1784 856 1878; x_wconf 88' lang='lat' dir='ltr'><strong>quod</strong></span> <span class='ocrx_word' id='word_1_77' title='bbox 875 1777 1182 1853; x_wconf 82' lang='lat' dir='ltr'><strong>Hannibalemad-</strong></span> 
     </span>
     <span class='ocr_line' id='line_1_13' title="bbox 171 1893 1183 1991; baseline 0.003 -28"><span class='ocrx_word' id='word_1_78' title='bbox 171 1903 172 1908; x_wconf 75' lang='grc'>’</span> <span class='ocrx_word' id='word_1_79' title='bbox 210 1897 282 1965; x_wconf 88' lang='lat' dir='ltr'><strong>hue</strong></span> <span class='ocrx_word' id='word_1_80' title='bbox 322 1923 401 1968; x_wconf 88' lang='lat' dir='ltr'><strong>eum</strong></span> <span class='ocrx_word' id='word_1_81' title='bbox 436 1901 585 1991; x_wconf 87' lang='lat' dir='ltr'><strong>imperio</strong></span> <span class='ocrx_word' id='word_1_82' title='bbox 623 1899 716 1988; x_wconf 73' lang='lat' dir='ltr'><strong>apud</strong></span> <span class='ocrx_word' id='word_1_83' title='bbox 764 1901 953 1968; x_wconf 84' lang='lat' dir='ltr'><strong>exereitum</strong></span> <span class='ocrx_word' id='word_1_84' title='bbox 1001 1893 1183 1966; x_wconf 84' lang='lat' dir='ltr'><strong>haberent.</strong></span> 
     </span>
     <span class='ocr_line' id='line_1_14' title="bbox 211 2011 1183 2107; baseline 0.002 -27"><span class='ocrx_word' id='word_1_85' title='bbox 211 2015 326 2107; x_wconf 80' lang='lat' dir='ltr'><strong>Quam</strong></span> <span class='ocrx_word' id='word_1_86' title='bbox 336 2012 381 2081; x_wconf 89' lang='lat' dir='ltr'><strong>ob</strong></span> <span class='ocrx_word' id='word_1_87' title='bbox 393 2033 467 2081; x_wconf 87' lang='lat' dir='ltr'><strong>rem</strong></span> <span class='ocrx_word' id='word_1_88' title='bbox 478 2011 652 2082; x_wconf 83' lang='lat' dir='ltr'><strong>Hannibal</strong></span> <span class='ocrx_word' id='word_1_89' title='bbox 664 2013 805 2084; x_wconf 86' lang='lat' dir='ltr'><strong>domum</strong></span> <span class='ocrx_word' id='word_1_90' title='bbox 821 2025 998 2084; x_wconf 80' lang='lat' dir='ltr'><strong>revocatus</strong></span> <span class='ocrx_word' id='word_1_91' title='bbox 1015 2027 1086 2101; x_wconf 84' lang='lat' dir='ltr'><strong>est,</strong></span> <span class='ocrx_word' id='word_1_92' title='bbox 1106 2012 1183 2083; x_wconf 79' lang='lat' dir='ltr'><strong>sae-</strong></span> 
     </span>
     <span class='ocr_line' id='line_1_15' title="bbox 213 2119 947 2223; baseline -0.003 -26"><span class='ocrx_word' id='word_1_93' title='bbox 213 2145 337 2220; x_wconf 89' lang='lat' dir='ltr'><strong>tusque</strong></span> <span class='ocrx_word' id='word_1_94' title='bbox 354 2145 494 2223; x_wconf 87' lang='lat' dir='ltr'><strong>praetor</strong></span> <span class='ocrx_word' id='word_1_95' title='bbox 519 2129 619 2218; x_wconf 80' lang='lat'><strong>(32).</strong></span> <span class='ocrx_word' id='word_1_96' title='bbox 803 2119 805 2126; x_wconf 39' lang='lat'><strong>¹</strong></span> <span class='ocrx_word' id='word_1_97' title='bbox 945 2131 947 2140; x_wconf 76' lang='lat'>&#39;</span> 
     </span>
    </p>

    <p class='ocr_par' dir='ltr' id='par_1_10' title="bbox 255 2238 1189 2330">
     <span class='ocr_line' id='line_1_16' title="bbox 255 2238 1189 2330; baseline -0.001 -19"><span class='ocrx_word' id='word_1_98' title='bbox 255 2245 421 2330; x_wconf 83' lang='lat' dir='ltr'><strong>Magnum</strong></span> <span class='ocrx_word' id='word_1_99' title='bbox 445 2240 576 2310; x_wconf 85' lang='lat' dir='ltr'><strong>dehac</strong></span> <span class='ocrx_word' id='word_1_100' title='bbox 601 2239 768 2326; x_wconf 82' lang='lat' dir='ltr'><strong>dignitate</strong></span> <span class='ocrx_word' id='word_1_101' title='bbox 790 2238 971 2320; x_wconf 78' lang='lat' dir='ltr'><strong>dissidium</strong></span> <span class='ocrx_word' id='word_1_102' title='bbox 992 2241 1021 2308; x_wconf 87' lang='lat' dir='ltr'><strong>si</strong></span> <span class='ocrx_word' id='word_1_103' title='bbox 1046 2239 1189 2326; x_wconf 77' lang='lat' dir='ltr'><strong>attigero</strong></span> 
     </span>
    </p>
   </div>
   <div class='ocr_carea' id='block_1_9' title="bbox 215 2350 1265 2444">
    <p class='ocr_par' dir='ltr' id='par_1_11' title="bbox 215 2350 1265 2444">
     <span class='ocr_line' id='line_1_17' title="bbox 215 2350 1265 2444; baseline -0.004 -20"><span class='ocrx_word' id='word_1_104' title='bbox 215 2367 369 2443; x_wconf 79' lang='lat' dir='ltr'><strong>tantiam,</strong></span> <span class='ocrx_word' id='word_1_105' title='bbox 397 2356 603 2428; x_wconf 71' lang='lat' dir='ltr'><strong>artiserit·</strong></span> <span class='ocrx_word' id='word_1_106' title='bbox 630 2355 714 2424; x_wconf 82' lang='lat' dir='ltr'><strong>Rex</strong></span> <span class='ocrx_word' id='word_1_107' title='bbox 740 2351 807 2440; x_wconf 83' lang='lat' dir='ltr'><strong>legi</strong></span> <span class='ocrx_word' id='word_1_108' title='bbox 835 2351 933 2422; x_wconf 86' lang='lat' dir='ltr'><strong>iubet</strong></span> <span class='ocrx_word' id='word_1_109' title='bbox 961 2350 1190 2444; x_wconf 77' lang='lat' dir='ltr'><strong>Heusingerus</strong></span> <span class='ocrx_word' id='word_1_110' title='bbox 1263 2440 1265 2444; x_wconf 23' lang='grc' dir='ltr'>Ι</span> 
     </span>
    </p>
   </div>
   <div class='ocr_carea' id='block_1_10' title="bbox 189 2448 1191 2906">
    <p class='ocr_par' dir='ltr' id='par_1_12' title="bbox 189 2448 1191 2906">
     <span class='ocr_line' id='line_1_18' title="bbox 210 2448 1190 2570; baseline -0.005 -30"><span class='ocrx_word' id='word_1_111' title='bbox 210 2473 251 2540; x_wconf 83' lang='grc' dir='ltr'><strong>-ἱιι</strong></span> <span class='ocrx_word' id='word_1_112' title='bbox 269 2475 309 2544; x_wconf 88' lang='lat' dir='ltr'><em>V</em></span> <span class='ocrx_word' id='word_1_113' title='bbox 305 2475 361 2541; x_wconf 82' lang='lat' dir='ltr'><strong>ito</strong></span> <span class='ocrx_word' id='word_1_114' title='bbox 381 2471 606 2540; x_wconf 68' lang='lat' dir='ltr'><strong>Hannibalis</strong></span> <span class='ocrx_word' id='word_1_115' title='bbox 620 2493 695 2560; x_wconf 82' lang='lat' dir='ltr'><strong>per</strong></span> <span class='ocrx_word' id='word_1_116' title='bbox 716 2493 829 2537; x_wconf 78' lang='lat' dir='ltr'><strong>aanor</strong></span> <span class='ocrx_word' id='word_1_117' title='bbox 851 2448 1058 2570; x_wconf 61' lang='lat' dir='ltr'><strong>descripto,</strong></span> <span class='ocrx_word' id='word_1_118' title='bbox 1079 2470 1190 2536; x_wconf 83' lang='lat' dir='ltr'><strong>instra</strong></span> 
     </span>
     <span class='ocr_line' id='line_1_19' title="bbox 189 2577 1186 2679; baseline -0.004 -25"><span class='ocrx_word' id='word_1_119' title='bbox 189 2581 193 2588; x_wconf 69' lang='grc'><strong>’</strong></span> <span class='ocrx_word' id='word_1_120' title='bbox 212 2587 356 2678; x_wconf 84' lang='lat' dir='ltr'><strong>Nepotis</strong></span> <span class='ocrx_word' id='word_1_121' title='bbox 369 2585 454 2654; x_wconf 87' lang='lat' dir='ltr'><strong>edit.</strong></span> <span class='ocrx_word' id='word_1_122' title='bbox 470 2613 506 2679; x_wconf 87' lang='lat' dir='ltr'><strong>p.</strong></span> <span class='ocrx_word' id='word_1_123' title='bbox 520 2587 606 2671; x_wconf 78' lang='lat'><strong>405,</strong></span> <span class='ocrx_word' id='word_1_124' title='bbox 629 2582 779 2674; x_wconf 89' lang='lat' dir='ltr'><strong>ideoque</strong></span> <span class='ocrx_word' id='word_1_125' title='bbox 793 2580 907 2650; x_wconf 83' lang='lat' dir='ltr'><strong>multis</strong></span> <span class='ocrx_word' id='word_1_126' title='bbox 920 2583 963 2652; x_wconf 91' lang='lat' dir='ltr'><strong>de</strong></span> <span class='ocrx_word' id='word_1_127' title='bbox 981 2577 1045 2650; x_wconf 74' lang='lat' dir='ltr'><strong>Bae</strong></span> <span class='ocrx_word' id='word_1_128' title='bbox 1061 2601 1099 2650; x_wconf 83' lang='lat' dir='ltr'><strong>re</strong></span> <span class='ocrx_word' id='word_1_129' title='bbox 1110 2581 1186 2650; x_wconf 88' lang='lat' dir='ltr'><strong>dis-</strong></span> 
     </span>
     <span class='ocr_line' id='line_1_20' title="bbox 214 2680 1191 2796; baseline 0 -31"><span class='ocrx_word' id='word_1_130' title='bbox 214 2703 343 2796; x_wconf 77' lang='lat' dir='ltr'><strong>putatis</strong></span> <span class='ocrx_word' id='word_1_131' title='bbox 356 2724 473 2769; x_wconf 85' lang='lat' dir='ltr'><strong>vocem</strong></span> <span class='ocrx_word' id='word_1_132' title='bbox 483 2714 700 2789; x_wconf 75' lang='lat' dir='ltr'><strong>praeturam</strong></span> <span class='ocrx_word' id='word_1_133' title='bbox 710 2745 721 2779; x_wconf 95' lang='lat'><strong>,</strong></span> <span class='ocrx_word' id='word_1_134' title='bbox 732 2713 904 2787; x_wconf 76' lang='lat' dir='ltr'><strong>quaemox</strong></span> <span class='ocrx_word' id='word_1_135' title='bbox 915 2680 1006 2789; x_wconf 82' lang='lat' dir='ltr'><strong>apud</strong></span> <span class='ocrx_word' id='word_1_136' title='bbox 1021 2689 1191 2787; x_wconf 81' lang='lat' dir='ltr'><strong>Nepotem</strong></span> 
     </span>
     <span class='ocr_line' id='line_1_21' title="bbox 217 2803 1188 2906; baseline -0.006 -21"><span class='ocrx_word' id='word_1_137' title='bbox 217 2815 387 2901; x_wconf 86' lang='lat' dir='ltr'><strong>occurrit,</strong></span> <span class='ocrx_word' id='word_1_138' title='bbox 409 2814 447 2906; x_wconf 93' lang='lat' dir='ltr'><strong>in</strong></span> <span class='ocrx_word' id='word_1_139' title='bbox 465 2810 592 2900; x_wconf 82' lang='lat' dir='ltr'><strong>glossae</strong></span> <span class='ocrx_word' id='word_1_140' title='bbox 612 2809 727 2878; x_wconf 82' lang='lat' dir='ltr'><strong>locum</strong></span> <span class='ocrx_word' id='word_1_141' title='bbox 744 2809 874 2878; x_wconf 76' lang='lat' dir='ltr'><strong>reiicit.</strong></span> <span class='ocrx_word' id='word_1_142' title='bbox 912 2811 1053 2879; x_wconf 87' lang='lat' dir='ltr'><strong>Factum</strong></span> <span class='ocrx_word' id='word_1_143' title='bbox 1070 2803 1188 2880; x_wconf 74' lang='lat' dir='ltr'><strong>nolin.</strong></span> 
     </span>
    </p>
   </div>
   <div class='ocr_carea' id='block_1_11' title="bbox 214 3003 474 3026">
    <p class='ocr_par' dir='ltr' id='par_1_13' title="bbox 214 3003 474 3026">
     <span class='ocr_line' id='line_1_22' title="bbox 214 3003 474 3026; baseline -0.004 -4"><span class='ocrx_word' id='word_1_144' title='bbox 214 3003 474 3026; x_wconf 58' lang='lat' dir='ltr'><strong>m</strong></span> 
     </span>
    </p>
   </div>
   <div class='ocr_carea' id='block_1_12' title="bbox 256 3117 675 3195">
    <p class='ocr_par' dir='ltr' id='par_1_14' title="bbox 256 3117 675 3195">
     <span class='ocr_line' id='line_1_23' title="bbox 256 3117 675 3195; baseline -0.005 -17"><span class='ocrx_word' id='word_1_145' title='bbox 256 3120 330 3195; x_wconf 80' lang='grc' dir='ltr'><strong>(3ο)</strong></span> <span class='ocrx_word' id='word_1_146' title='bbox 345 3120 411 3178; x_wconf 83' lang='lat' dir='ltr'><strong>vid.</strong></span> <span class='ocrx_word' id='word_1_147' title='bbox 430 3119 492 3176; x_wconf 82' lang='lat' dir='ltr'><strong>er</strong></span> <span class='ocrx_word' id='word_1_148' title='bbox 511 3117 635 3176; x_wconf 84' lang='lat' dir='ltr'>XXXII.</span> <span class='ocrx_word' id='word_1_149' title='bbox 652 3139 675 3180; x_wconf 81' lang='lat' dir='ltr'><strong>r.</strong></span> 
     </span>
    </p>
   </div>
   <div class='ocr_carea' id='block_1_13' title="bbox 138 3189 1198 4100">
    <p class='ocr_par' dir='ltr' id='par_1_15' title="bbox 138 3189 1198 4013">
     <span class='ocr_line' id='line_1_24' title="bbox 256 3189 1198 3288; baseline 0.007 -23"><span class='ocrx_word' id='word_1_150' title='bbox 256 3211 330 3284; x_wconf 83' lang='lat'>(31)</span> <span class='ocrx_word' id='word_1_151' title='bbox 355 3207 421 3264; x_wconf 84' lang='lat' dir='ltr'><strong>Nrr.</strong></span> <span class='ocrx_word' id='word_1_152' title='bbox 444 3227 476 3265; x_wconf 90' lang='lat' dir='ltr'><strong>c.</strong></span> <span class='ocrx_word' id='word_1_153' title='bbox 493 3229 517 3278; x_wconf 77' lang='lat'><strong>7.</strong></span> <span class='ocrx_word' id='word_1_154' title='bbox 542 3212 602 3268; x_wconf 83' lang='lat' dir='ltr'><strong>er.</strong></span> <span class='ocrx_word' id='word_1_155' title='bbox 619 3212 637 3270; x_wconf 91' lang='lat' dir='ltr'><strong>l.</strong></span> <span class='ocrx_word' id='word_1_156' title='bbox 662 3232 684 3268; x_wconf 92' lang='lat' dir='ltr'><strong>e.</strong></span> <span class='ocrx_word' id='word_1_157' title='bbox 709 3231 759 3288; x_wconf 79' lang='lat' dir='ltr'><strong>qur</strong></span> <span class='ocrx_word' id='word_1_158' title='bbox 777 3221 873 3268; x_wconf 86' lang='lat' dir='ltr'><strong>tamen</strong></span> <span class='ocrx_word' id='word_1_159' title='bbox 894 3210 1038 3288; x_wconf 82' lang='lat' dir='ltr'><strong>paullum</strong></span> <span class='ocrx_word' id='word_1_160' title='bbox 1050 3233 1066 3270; x_wconf 85' lang='lat' dir='ltr'><strong>a</strong></span> <span class='ocrx_word' id='word_1_161' title='bbox 1090 3189 1198 3272; x_wconf 70' lang='lat' dir='ltr'><strong>Noltro</strong></span> 
     </span>
     <span class='ocr_line' id='line_1_25' title="bbox 220 3297 1195 3390; baseline -0.002 -30"><span class='ocrx_word' id='word_1_162' title='bbox 220 3303 362 3380; x_wconf 82' lang='lat' dir='ltr'><strong>discrepat</strong></span> <span class='ocrx_word' id='word_1_163' title='bbox 387 3297 510 3360; x_wconf 83' lang='lat' dir='ltr'><strong>scribens</strong></span> <span class='ocrx_word' id='word_1_164' title='bbox 522 3301 790 3390; x_wconf 83' lang='lat' dir='ltr'><strong>Carthaginienses</strong></span> <span class='ocrx_word' id='word_1_165' title='bbox 812 3323 828 3358; x_wconf 89' lang='lat' dir='ltr'><strong>a</strong></span> <span class='ocrx_word' id='word_1_166' title='bbox 853 3299 958 3374; x_wconf 83' lang='lat' dir='ltr'><strong>Senatu</strong></span> <span class='ocrx_word' id='word_1_167' title='bbox 988 3303 1128 3382; x_wconf 85' lang='lat' dir='ltr'><strong>petiisse,</strong></span> <span class='ocrx_word' id='word_1_168' title='bbox 1150 3315 1195 3359; x_wconf 91' lang='lat' dir='ltr'><strong>at</strong></span> 
     </span>
     <span class='ocr_line' id='line_1_26' title="bbox 219 3388 1193 3473; baseline -0.011 -23"><span class='ocrx_word' id='word_1_169' title='bbox 219 3414 276 3473; x_wconf 88' lang='lat' dir='ltr'><strong>que</strong></span> <span class='ocrx_word' id='word_1_170' title='bbox 296 3397 477 3471; x_wconf 84' lang='lat' dir='ltr'><strong>impetrasse,</strong></span> <span class='ocrx_word' id='word_1_171' title='bbox 505 3399 538 3448; x_wconf 87' lang='lat' dir='ltr'><strong>ut</strong></span> <span class='ocrx_word' id='word_1_172' title='bbox 557 3388 669 3448; x_wconf 84' lang='lat' dir='ltr'><strong>obsides</strong></span> <span class='ocrx_word' id='word_1_173' title='bbox 689 3408 788 3448; x_wconf 88' lang='lat' dir='ltr'><strong>eorum</strong></span> <span class='ocrx_word' id='word_1_174' title='bbox 817 3391 853 3448; x_wconf 90' lang='lat' dir='ltr'><strong>ab</strong></span> <span class='ocrx_word' id='word_1_175' title='bbox 875 3389 992 3462; x_wconf 88' lang='lat' dir='ltr'><strong>Norba,</strong></span> <span class='ocrx_word' id='word_1_176' title='bbox 1017 3389 1065 3446; x_wconf 87' lang='lat' dir='ltr'><strong>nbi</strong></span> <span class='ocrx_word' id='word_1_177' title='bbox 1091 3395 1193 3462; x_wconf 84' lang='lat' dir='ltr'><strong>parum</strong></span> 
     </span>
     <span class='ocr_line' id='line_1_27' title="bbox 220 3473 1195 3556; baseline -0.011 -15"><span class='ocrx_word' id='word_1_178' title='bbox 220 3484 368 3556; x_wconf 80' lang='lat' dir='ltr'><strong>commode</strong></span> <span class='ocrx_word' id='word_1_179' title='bbox 396 3494 518 3554; x_wconf 86' lang='lat' dir='ltr'><strong>essent,</strong></span> <span class='ocrx_word' id='word_1_180' title='bbox 548 3480 671 3556; x_wconf 81' lang='lat' dir='ltr'><strong>Signiam</strong></span> <span class='ocrx_word' id='word_1_181' title='bbox 697 3491 727 3536; x_wconf 86' lang='lat' dir='ltr'><strong>et</strong></span> <span class='ocrx_word' id='word_1_182' title='bbox 749 3481 936 3536; x_wconf 85' lang='lat' dir='ltr'><strong>Ferentinum</strong></span> <span class='ocrx_word' id='word_1_183' title='bbox 964 3479 1125 3534; x_wconf 82' lang='lat' dir='ltr'><strong>transirent.</strong></span> <span class='ocrx_word' id='word_1_184' title='bbox 1164 3473 1195 3531; x_wconf 90' lang='lat' dir='ltr'><strong>Si</strong></span> 
     </span>
     <span class='ocr_line' id='line_1_28' title="bbox 221 3565 1194 3679; baseline -0.014 -47"><span class='ocrx_word' id='word_1_185' title='bbox 221 3576 317 3679; x_wconf 80' lang='lat' dir='ltr'><strong>lapsus</strong></span> <span class='ocrx_word' id='word_1_186' title='bbox 334 3586 378 3630; x_wconf 86' lang='lat' dir='ltr'><strong>est</strong></span> <span class='ocrx_word' id='word_1_187' title='bbox 395 3575 520 3650; x_wconf 83' lang='lat' dir='ltr'><strong>Nepos,</strong></span> <span class='ocrx_word' id='word_1_188' title='bbox 532 3591 613 3632; x_wconf 82' lang='lat' dir='ltr'><strong>error</strong></span> <span class='ocrx_word' id='word_1_189' title='bbox 640 3569 754 3630; x_wconf 76' lang='lat' dir='ltr'><strong>ridetur</strong></span> <span class='ocrx_word' id='word_1_190' title='bbox 776 3589 837 3626; x_wconf 85' lang='lat' dir='ltr'><strong>esse</strong></span> <span class='ocrx_word' id='word_1_191' title='bbox 855 3567 935 3646; x_wconf 83' lang='lat' dir='ltr'><strong>parvi</strong></span> <span class='ocrx_word' id='word_1_192' title='bbox 961 3565 1194 3634; x_wconf 83' lang='lat' dir='ltr'><strong>momenti,non</strong></span> 
     </span>
     <span class='ocr_line' id='line_1_29' title="bbox 221 3653 1193 3758; baseline -0.019 -33"><span class='ocrx_word' id='word_1_193' title='bbox 221 3667 299 3725; x_wconf 80' lang='lat' dir='ltr'><strong>enirn</strong></span> <span class='ocrx_word' id='word_1_194' title='bbox 316 3665 406 3722; x_wconf 84' lang='lat' dir='ltr'><strong>multo</strong></span> <span class='ocrx_word' id='word_1_195' title='bbox 424 3663 537 3739; x_wconf 83' lang='lat' dir='ltr'><strong>longius</strong></span> <span class='ocrx_word' id='word_1_196' title='bbox 560 3682 576 3717; x_wconf 87' lang='lat' dir='ltr'><strong>a</strong></span> <span class='ocrx_word' id='word_1_197' title='bbox 597 3657 695 3716; x_wconf 89' lang='lat' dir='ltr'><strong>Norba</strong></span> <span class='ocrx_word' id='word_1_198' title='bbox 708 3660 814 3718; x_wconf 86' lang='lat' dir='ltr'><strong>distant</strong></span> <span class='ocrx_word' id='word_1_199' title='bbox 831 3660 928 3758; x_wconf 85' lang='lat' dir='ltr'><strong>Signia</strong></span> <span class='ocrx_word' id='word_1_200' title='bbox 947 3668 977 3711; x_wconf 86' lang='lat' dir='ltr'><strong>et</strong></span> <span class='ocrx_word' id='word_1_201' title='bbox 992 3653 1193 3723; x_wconf 87' lang='lat' dir='ltr'><strong>Ferentinum,</strong></span> 
     </span>
     <span class='ocr_line' id='line_1_30' title="bbox 221 3747 1194 3838; baseline -0.018 -23"><span class='ocrx_word' id='word_1_202' title='bbox 221 3779 308 3834; x_wconf 86' lang='lat' dir='ltr'><strong>quarn</strong></span> <span class='ocrx_word' id='word_1_203' title='bbox 323 3755 477 3838; x_wconf 81' lang='lat' dir='ltr'><strong>Fregellae.</strong></span> <span class='ocrx_word' id='word_1_204' title='bbox 513 3753 558 3806; x_wconf 90' lang='lat' dir='ltr'><strong>De</strong></span> <span class='ocrx_word' id='word_1_205' title='bbox 570 3754 611 3808; x_wconf 91' lang='lat' dir='ltr'><strong>rei</strong></span> <span class='ocrx_word' id='word_1_206' title='bbox 623 3751 740 3810; x_wconf 86' lang='lat' dir='ltr'><strong>veritate</strong></span> <span class='ocrx_word' id='word_1_207' title='bbox 757 3753 829 3808; x_wconf 81' lang='lat' dir='ltr'><strong>nihil</strong></span> <span class='ocrx_word' id='word_1_208' title='bbox 845 3747 1032 3828; x_wconf 77' lang='lat' dir='ltr'><strong>pronunciare</strong></span> <span class='ocrx_word' id='word_1_209' title='bbox 1048 3747 1145 3800; x_wconf 86' lang='lat' dir='ltr'><strong>ausim.</strong></span> <span class='ocrx_word' id='word_1_210' title='bbox 1157 3771 1194 3790; x_wconf 90' lang='lat'>-</span> 
     </span>
     <span class='ocr_line' id='line_1_31' title="bbox 222 3833 1192 3919; baseline -0.013 -17"><span class='ocrx_word' id='word_1_211' title='bbox 222 3847 278 3902; x_wconf 91' lang='lat' dir='ltr'><strong>Sed</strong></span> <span class='ocrx_word' id='word_1_212' title='bbox 297 3865 362 3904; x_wconf 91' lang='lat' dir='ltr'><strong>eum</strong></span> <span class='ocrx_word' id='word_1_213' title='bbox 378 3844 490 3919; x_wconf 89' lang='lat' dir='ltr'><strong>Nepote</strong></span> <span class='ocrx_word' id='word_1_214' title='bbox 513 3839 548 3896; x_wconf 91' lang='lat' dir='ltr'><strong>de</strong></span> <span class='ocrx_word' id='word_1_215' title='bbox 568 3839 622 3896; x_wconf 87' lang='lat' dir='ltr'><strong>hae</strong></span> <span class='ocrx_word' id='word_1_216' title='bbox 643 3840 784 3917; x_wconf 86' lang='lat' dir='ltr'><strong>legatione</strong></span> <span class='ocrx_word' id='word_1_217' title='bbox 804 3843 876 3898; x_wconf 83' lang='lat' dir='ltr'><strong>conl.</strong></span> <span class='ocrx_word' id='word_1_218' title='bbox 900 3839 955 3896; x_wconf 87' lang='lat' dir='ltr'><strong>Dro</strong></span> <span class='ocrx_word' id='word_1_219' title='bbox 976 3839 1102 3906; x_wconf 72' lang='lat' dir='ltr'><strong>casam,</strong></span> <span class='ocrx_word' id='word_1_220' title='bbox 1126 3833 1192 3892; x_wconf 77' lang='lat' dir='ltr'><strong>Ex·</strong></span> 
     </span>
     <span class='ocr_line' id='line_1_32' title="bbox 138 3933 1058 4013; baseline -0.011 -19"><span class='ocrx_word' id='word_1_221' title='bbox 138 3957 141 3962; x_wconf 90' lang='lat'>·</span> <span class='ocrx_word' id='word_1_222' title='bbox 221 3948 307 4013; x_wconf 81' lang='lat' dir='ltr'><strong>eerpl</strong></span> <span class='ocrx_word' id='word_1_223' title='bbox 331 3940 428 4012; x_wconf 76' lang='lat' dir='ltr'><strong>Legat.</strong></span> <span class='ocrx_word' id='word_1_224' title='bbox 447 3933 527 3992; x_wconf 83' lang='lat' dir='ltr'><strong>XIV</strong></span> <span class='ocrx_word' id='word_1_225' title='bbox 548 3934 593 3990; x_wconf 90' lang='lat' dir='ltr'><strong>ed.</strong></span> <span class='ocrx_word' id='word_1_226' title='bbox 617 3933 730 3990; x_wconf 82' lang='lat' dir='ltr'><strong>Leunel.</strong></span> <span class='ocrx_word' id='word_1_227' title='bbox 753 3953 782 4008; x_wconf 91' lang='lat' dir='ltr'><strong>p.</strong></span> <span class='ocrx_word' id='word_1_228' title='bbox 800 3937 860 4006; x_wconf 62' lang='lat' dir='ltr'><strong>pali,</strong></span> <span class='ocrx_word' id='word_1_229' title='bbox 1056 4001 1058 4006; x_wconf 68' lang='lat'><strong>,</strong></span> 
     </span>
    </p>

    <p class='ocr_par' dir='ltr' id='par_1_16' title="bbox 256 4021 930 4100">
     <span class='ocr_line' id='line_1_33' title="bbox 256 4021 930 4100; baseline -0.009 -18"><span class='ocrx_word' id='word_1_230' title='bbox 256 4030 333 4100; x_wconf 79' lang='lat'>(32)</span> <span class='ocrx_word' id='word_1_231' title='bbox 352 4028 418 4084; x_wconf 82' lang='lat' dir='ltr'><strong>Nm.</strong></span> <span class='ocrx_word' id='word_1_232' title='bbox 441 4044 462 4082; x_wconf 83' lang='lat' dir='ltr'><strong>r.</strong></span> <span class='ocrx_word' id='word_1_233' title='bbox 479 4047 502 4100; x_wconf 82' lang='lat'><strong>7.</strong></span> <span class='ocrx_word' id='word_1_234' title='bbox 535 4027 579 4084; x_wconf 77' lang='lat' dir='ltr'><strong>Cf.</strong></span> <span class='ocrx_word' id='word_1_235' title='bbox 601 4021 867 4097; x_wconf 63' lang='lat' dir='ltr'><strong>Lrvnsxxxltt,</strong></span> <span class='ocrx_word' id='word_1_236' title='bbox 888 4026 930 4090; x_wconf 72' lang='lat'><strong>46.</strong></span> 
     </span>
    </p>
   </div>
   <div class='ocr_carea' id='block_1_14' title="bbox 1197 495 1221 554">
    <p class='ocr_par' dir='ltr' id='par_1_17' title="bbox 1197 495 1221 554">
     <span class='ocr_line' id='line_1_34' title="bbox 1197 495 1221 554; baseline 0 0"><span class='ocrx_word' id='word_1_237' title='bbox 1197 507 1199 512; x_wconf 86' lang='lat'>&#39;</span> <span class='ocrx_word' id='word_1_238' title='bbox 1212 495 1221 554; x_wconf 92' lang='lat' dir='ltr'><strong>l</strong></span> 
     </span>
    </p>
   </div>
   <div class='ocr_carea' id='block_1_15' title="bbox 0 0 1450 4838">
    <p class='ocr_par' dir='ltr' id='par_1_18' title="bbox 0 0 1450 4838">
     <span class='ocr_line' id='line_1_35' title="bbox 0 0 1450 4838; baseline 0 0"><span class='ocrx_word' id='word_1_239' title='bbox 0 0 1450 4838; x_wconf 95' lang='lat' dir='ltr'><strong> </strong></span> 
     </span>
    </p>
   </div>
  </div>
 </body>
</html>
