2862 4838
600 415 660 461 ··-··¹
703 373 788 476 144ξ
825 443 876 470 -
989 505 992 510 Ι

249 595 328 675 sitas
349 597 442 669 hand
463 593 570 700 'dubio
595 579 679 665 inde
698 597 884 694 repetenda
911 614 982 684 est,
1014 603 1109 691 quoti
1131 604 1216 728 plu..
1313 625 1317 632 ·

248 741 305 786 res
325 715 455 787 tuerint
482 713 665 802 Magoues,
695 713 864 808 multique
892 713 937 781 de
958 714 1061 782 rebus
1079 718 1217 789 Punicis

235 817 453 925 scripserint
487 842 653 894 auctores.
710 827 766 894 En
796 829 937 922 quoque
967 851 1141 917 caussam,
1173 836 1218 902 ob

247 939 352 1038 q'uam
369 940 545 1012 interdum
564 939 603 1010 iu
626 940 680 1010 his
700 938 815 1011 aliisve
836 941 941 1009 rebus
964 941 1236 1020 diutius‘com··

245 1039 429 1156 moramur.

176 1225 178 1232 ι
262 1163 361 1244 'Sed
390 1187 524 1262 tempus
547 1161 665 1240 monet
686 1187 726 1267 ut
750 1171 794 1268 agl
821 1173 935 1264 ipsum
965 1169 1242 1262 Hannibalem,

244 1305 283 1358 et
300 1285 344 1355 ad
355 1285 587 1372 Antiochum,
607 1289 829 1357 revertamur.
850 1327 896 1341 -
917 1287 1127 1380 Simulatque
1142 1291 1218 1360 Ro,-

186 1411 189 1418 “
245 1400 340 1470 mani
359 1401 574 1468 resciverunt
589 1384 822 1470 Hannibalem*
834 1401 878 1470 ad
900 1403 1113 1475 Antiochum
1130 1427 1217 1495 pcr-

243 1514 398 1599 venisse,
429 1529 466 1582 et
495 1512 589 1606 apud
617 1507 698 1584 eum
728 1539 852 1606 magno
884 1513 927 1586 iu'
954 1517 1087 1588 honore
1121 1539 1219 1601 esse,

243 1631 372 1722 legatos
398 1627 442 1698 ad
464 1628 591 1718 Regem
616 1627 806 1720 miserunt,
841 1631 977 1724 quide
998 1633 1069 1700 eius
1093 1627 1221 1730 volun-
1262 1635 1264 1639 “

246 1759 320 1816 tate
345 1741 592 1836 explorarent,
623 1759 660 1814 et
688 1729 800 1842 reipsa
828 1745 1058 1817 Hannibalem
1084 1765 1223 1842 pessum

244 1861 385 1932 darent.
429 1854 536 1950 Quod
557 1849 678 1930 cumis
699 1853 939 1955 comperieris,
971 1883 1077 1952 seque
1095 1860 1139 1926 ab
1158 1859 1224 1926 iu·

245 1967 447 2046 teriorihus
473 1972 624 2041 consiliis
656 1970 824 2064 segregiri
863 1973 1024 2058 videret,
1065 1981 1225 2062 tempore
1279 2029 1288 2048 ,

113 2085 118 2094 ’
206 2121 209 2126 ·
244 2086 330 2170 dato
350 2086 436 2162 adiit
455 2085 592 2178 regern,
616 2104 721 2184 atque
738 2113 817 2160 cum
830 2112 871 2160 eo
885 2085 1143 2184 memorabilem
1161 2085 1225 2152 ha·

160 2219 162 2224 “
244 2203 326 2275 huit
352 2201 564 2292 orationem,
593 2226 698 2294 quam
719 2228 739 2272 e
757 2207 892 2275 Graeco
915 2223 1072 2274 sermone
1089 2185 1134 2270 i'n*
1149 2201 1224 2268 Le-

246 2320 360 2390 tinum
379 2318 514 2405 egregie
532 2316 708 2387 transtulit
726 2319 842 2417 Nepos
866 2319 927 2407 (41
938 2323 971 2409 ).Δ
1009 2316 1123 2392 «Non
1141 2317 1220 2382 moss

221 2426 267 2504 'c
284 2433 335 2500 rit
359 2429 463 2498 modo
484 2425 561 2497 talis
585 2431 849 2519 oratioregem,
881 2433 943 2501 sed
965 2434 1068 2503 etiam
1089 2451 1220 2499 reeou-
1277 2498 1281 2506 ,

247 2575 268 2618 u
286 2535 412 2613 ciliavit
433 2541 634 2615 Hannibali.
657 2583 701 2600 -
730 2541 784 2612 Ex
803 2545 951 2614 concilio
971 2548 1019 2614 ita
1037 2540 1222 2615 discessum
1250 2561 1254 2571 ¹
1282 2545 1285 2554 “
1333 2597 1342 2610 .

247 2674 355 2740 uest,
385 2675 425 2726 ut
447 2653 579 2727 bellurn
603 2675 791 2747 gereretur.
801 2658 826 2690 ”
849 2659 909 2750 (42
921 2661 944 2750 ).
978 2649 1075 2740 'Seri
1089 2659 1127 2736 si
1153 2674 1222 2724 tam
1296 2747 1298 2759 γ

246 2769 434 2862 iungendo
449 2769 540 2845 bello
558 2795 683 2870 parere
702 2770 869 2861 voluisset
886 2773 1035 2842 consiliis
1051 2774 1123 2841 eins
1143 2771 1222 2838 ltn-

247 2888 406 2975 tiochus,
427 2913 532 2984 qnam
546 2889 585 2956 in
605 2881 826 2980 suscipiendo
846 2889 1059 2971 instituerat,
1081 2886 1224 2980 propius

236 2997 374 3072 'Tiberi
395 3021 498 3094 quam
519 2999 763 3092 Thermopylis
781 3001 826 3070 de
847 3024 975 3071 summa
1002 2999 1140 3092 imperii
1163 2995 1222 3090 di-
1265 2989 1268 2996 ’

34 3195 36 3202 ,
147 3153 151 3159 ·
249 3103 406 3186 misisset
435 3113 536 3203 (45).
591 3114 771 3211 Sententia
798 3117 890 3189 enim
923 3103 1137 3187 Hannibalis
1156 3113 1226 3178 uu'a

288 3409 364 3482 (ῆι)
384 3403 450 3462 Ner.
469 3400 594 3460 Hauuib.
612 3419 634 3458 c.
653 3422 677 3458 s.
695 3405 775 3480 quod
792 3415 882 3480 ⁴caput
900 3403 1042 3478 integrunt
1065 3399 1164 3458 sumsit
1189 3414 1225 3454 ex

227 3567 233 3576 ι
254 3491 353 3559 Prin.
375 3499 405 3559 L,
419 3499 470 3569 111,
494 3515 522 3570 p.
544 3499 609 3560 166,
630 3498 686 3562 167.
720 3489 888 3566 Legatornm
907 3495 1099 3549 Romanorum
1118 3488 1224 3548 adven-

254 3598 317 3646 tum
337 3587 414 3666 apud
436 3587 628 3652 Antiochum,
657 3597 756 3636 eorum
778 3580 946 3653 concilium,
976 3587 1082 3658 inquo
1103 3601 1159 3661 non
1178 3579 1227 3636 ad·

252 3672 361 3734 hibitus
386 3675 509 3751 estregi
534 3678 680 3748 suspectus
703 3669 864 3744 Hannibal,
891 3661 1032 3752 huiusque
1058 3671 1134 3749 apud
1160 3687 1227 3724 eum

144 3799 145 3806 κ
214 3801 216 3808 ,
255 3769 484 3848 excusationem,
515 3775 679 3839 temporum
698 3761 797 3820 ordine
821 3759 911 3824 refert'
933 3767 994 3832 Lrv‘.
1016 3769 1046 3824 L.
1062 3760 1186 3836 XXXV.
1202 3774 1225 3811 c·

258 3861 388 3931 13-19,
406 3876 441 3916 cx
460 3855 521 3912 eod.
536 3854 622 3910 fonte.
645 3851 691 3930 Ci.
707 3853 740 3914 L·
752 3839 834 3916 ΧΠ
851 3877 873 3918 c.
889 3881 911 3916 1.

294 3947 367 4023 (or)
384 3948 443 4002 Lrv.
461 3946 584 4006 XXXV.
606 3965 644 4022 19.
663 3957 731 4004 extr.

294 4036 365 4112 (43)
382 4034 448 4117 Ner.
465 4055 489 4094 c.
505 4043 528 4092 8ἶ
643 4079 645 4084 .
