2862 4838
316 1343 359 1426 s
416 1279 459 1428 r
514 1325 1079 1446 luceo-ss

189 1688 374 1808 Singulis,
405 1745 493 1817 quae
517 1736 728 1812 supersunt,
764 1717 907 1809 Nepotis
932 1715 1009 1788 ritis
1036 1715 1155 1785 critico

187 1835 370 1908 submissis¹
389 1835 566 1920 examini,
595 1837 648 1904 vis
675 1832 806 1901 munite
825 1831 900 1898 crit
920 1828 964 1897 ed
989 1827 1154 1924 iudicium

185 1945 231 2017 tle
253 1948 296 2016 iis
316 1942 510 2018 urendum.
550 1949 669 2017 «Hscee
688 1931 918 2036 disputatione
944 1945 1154 2016 affirmentur

188 2062 301 2130 omnia
319 2069 405 2153 quio
423 2064 490 2130 ism
508 2064 546 2130 in
566 2057 926 2156 'prucfuticue*monitu¹
944 2075 1036 2128 sunt.
1079 2059 1164 2126 Lo-'

189 2198 304 2266 quor,
334 2199 406 2242 non
436 2174 480 2244 de
508 2191 592 2244 arte
623 2197 772 2267 queees
799 2172 988 2262 composuit
1015 2172 1154 2261 Nepos,

131 2287 136 2301 ’
184 2311 256 2356 nou
277 2286 321 2354 de
340 2291 454 2379 stylo,
484 2313 589 2380 quem
607 2312 723 2358 omnes
742 2285 940 2371 dilaudam,
966 2307 1082 2357 verum
1108 2284 1154 2356 de

171 2402 255 2492 fide
287 2401 359 2468 cius
385 2402 585 2487 historica,
618 2427 721 2498 quum
747 2401 868 2493 plures
887 2397 1152 2468 contemserunt.
1223 2411 1249 2444 ²

182 2515 259 2587 Etsi
279 2517 394 2646 Nepos
412 2518 490 2586 oum
515 2513 702 2586 Plutarcho
724 2539 797 2584 non
819 2511 1070 2605 comparandus·
1078 2529 1152 2599 cst,

181 2646 295 2708 nmen
313 2631 343 2695 si
368 2627 457 2696 illud
484 2629 637 2720 quaeris,
667 2649 836 2724 quatenus
859 2631 972 2748 Nepos
992 2629 1151 2698 criticum
1190 2624 1193 2639 ¹

182 2743 315 2828 egerit?
347 2740 476 2825 hoc,
466 2766 631 2832 inquom,
662 2768 740 2812 cum
766 2768 807 2812 eo
829 2736 934 2812 hehet
961 2737 1150 2820 commune.

185 2858 228 2926 In
254 2832 462 2934 memoriam
469 2872 549 2924 unte
574 2857 686 2924 omnis
706 2855 936 2930 revocandum
955 2873 1028 2945 est,
1051 2859 1147 2949 quod

183 2993 226 3040 cx
247 2972 322 3073 ipso
346 2971 481 3060 Nepote
500 2969 632 3064 saepius
659 2970 947 3054 demonstratum,
983 2994 1089 3044 cnon
1110 2996 1149 3046 se

182 3084 371 3168 historias,
408 3107 526 3152 verum
554 3086 638 3156 vites
681 3084 888 3174 scripsisse,
917 3081 961 3162 ad
1002 3103 1147 3176 quarum

186 3195 341 3292 exempla
362 3196 418 3265 elii
449 3221 485 3266 se
515 3217 771 3288 componerent.
824 3199 981 3269 Vitarum
1005 3195 1148 3287 quidem

183 3337 255 3380 non
276 3313 391 3379 minus
421 3335 539 3402 quam
546 3310 763 3380 historiarum
787 3316 992 3414 scriptorem
1016 3313 1145 3382 verite·

181 3425 226 3492 tis
253 3403 441 3494 studiosum'
473 3448 545 3493 esse
577 3423 732 3512 debere,
764 3427 865 3495 facile
898 3421 1142 3507 concedimus,
1241 3431 1246 3437 “

183 3561 261 3605 cum
282 3555 393 3608 temen
413 3563 484 3627 non
491 3525 557 3604 de
584 3562 671 3608 noto
692 3477 866 3610 historiam
890 3538 1061 3624 condere,
1082 3537 1144 3605 scd

183 3675 226 3718 cx
242 3649 382 3717 historia
399 3650 551 3740 exempla
569 3635 701 3719 tantum
715 3673 872 3748 repetere
888 3653 1055 3736 voluerit,
1077 3676 1144 3719 nec

181 3759 269 3843 illud
292 3765 525 3855 exspectabis,
548 3782 587 3831 ut
602 3789 649 3832 ex
670 3769 811 3857 primis,
832 3785 872 3834 ut
895 3783 1034 3847 vocent,
1057 3767 1140 3834 fon·
1187 3808 1191 3815 ·

184 3879 304 3974 tibus,
338 3877 517 3949 annalibus
545 3901 585 3944 ac
617 3882 844 3948 monumentis
868 3876 1041 3972 publicis,
1069 3896 1140 3948 'trc-

184 3983 325 4062 ditesua
339 3994 496 4092 petierit,
519 4017 631 4090 neque
643 4012 681 4064 ut
693 3993 823 4084 singula
836 3997 1042 4087 scriptorum
1054 4019 1139 4065 uer·
1177 4035 1184 4039 -
1215 4025 1238 4088 s
1293 4013 1297 4028 ’
