2840 4838
585 385 905 510 esest...

238 609 312 660 rata
341 610 474 658 severae
490 605 663 669 *censurae
691 582 886 650 subiecerta
940 578 1203 650 subsistendum

240 709 307 776 erit
334 706 371 771 in
394 724 452 786 eo,
484 679 523 766 ut
546 689 713 764 iudicium
733 719 830 762 suum
853 681 1051 786 probaverit
1070 695 1108 762 in
1133 695 1204 762 eli·

240 819 360 908 gendis
381 812 628 904 scriptoribus,
660 832 745 900 quos
775 808 969 882 duees'sibi
991 809 1123 876 sumsit.
1163 811 1208 876 Iu

143 1005 151 1018 ⁸,
242 936 309 1002 hoe
332 954 431 1014 vero,
462 941 588 1020 quanta
611 923 717 990 fuerit
742 948 841 1010 cura,
868 941 1006 1015 ¹quanta
1031 923 1207 1010 diligentia

244 1047 385 1138 Nepotis
407 1041 631 1130 nostri,'ipsa
650 1037 862 1128 scriptorum
889 1060 1030 1106 censura
1061 1065 1080 1105 a
1110 1040 1208 1106 ¹nobis

245 1161 399 1230 exhibita
424 1152 562 1221 abunde
592 1151 695 1219 docet
724 1149 833 1240 (1).’'
883 1152 921 1220 Si
950 1175 1030 1222 vero
1053 1154 1207 1240 iuterro-

245 1299 300 1363 ges
316 1255 332 1356 ,⁵
359 1265 530 1368 quomodo
555 1266 750 1333 auctoribus
784 1263 959 1346 illis-usus,
986 1266 1115 1340 fuerit?
1150 1289 1210 1332 ore

242 1389 358 1457 libero
383 1382 614 1480 pronunciare
647 1380 776 1463 ausim,
808 1404 886 1448 eum
911 1404 1090 1474 nunquam
1117 1378 1207 1488 plio-
1253 1387 1257 1396 '

247 1529 325 1572 rum
349 1499 474 1568 tradita
491 1521 531 1565 eo
549 1494 694 1561 consilio
715 1493 932 1580 immutasse,
953 1512 992 1562 ut
1010 1494 1154 1562 lectores
1173 1496 1212 1561 in

245 1615 404 1686 'fraudem
421 1611 586 1685 illiceret,
609 1606 669 1674 sed
684 1605 881 1691 interdum„
904 1609 1012 1701 quod,
1027 1627 1118 1678 certe
1133 1608 1217 1678 lau-s
1300 1587 1306 1595 ’

248 1707 428 1809 dandum,
448 1727 486 1791 in
516 1720 711 1794 diversitate
732 1717 937 1790 narrationis
954 1745 1039 1794 sano
1058 1747 1135 1810 oum
1151 1725 1210 1790 iu.

251 1843 343 1930 dicio
369 1831 544 1907 'delectum
570 1836 702 1902 fecisse.
747 1835 794 1902 Αἰ
822 1835 915 1904 dioet'
939 1839 1015 1928 quis
1032 1877 1049 1922 ,=
1074 1863 1151 1906 eum
1174 1815 1213 1904 i'n

250 1957 364 2028 multis
378 1954 511 2044 lapsum
530 1951 621 2032 es'se,
644 1950 681 2016 in
695 1949 870 2016 nonnullis
892 1952 993 2028 etiam
1014 1955 1162 2042 turpiter
1176 1975 1213 2020 se

251 2069 397 2140 dedisse.
441 2060 540 2132 Haud
557 2083 662 2149 negot
682 2060 747 2128 sed'
759 2062 849 2129 illud
867 2063 1034 2132 humanae
1051 2067 1215 2134 imbecil-

251 2187 340 2255 litati
354 2176 599 2270 ignoscendum
617 2178 657 2264 (a
669 2177 705 2265 ),
728 2178 889 2266 quoniam
904 2199 1019 2246 errare
1032 2179 1217 2249 humanum
1279 2223 1287 2238 .

253 2317 327 2384 est;
352 2291 444 2362 aliud
460 2292 591 2358 nimiae
614 2290 841 2374 festinationi,
864 2309 968 2384 atque
993 2293 1127 2379 cuidam
1151 2319 1217 2362 ne·

224 2386 708 2502 ‘'gligentiaeimpntaudum,
734 2428 839 2494 quare
858 2429 984 2496 poenas
1002 2425 1219 2498 peccatorum
1254 2447 1257 2454 ·

252 2527 345 2593 luati-
381 2521 542 2588 Attamen
561 2542 684 2603 negare
703 2541 773 2583 nou
799 2519 949 2610 poteris,
970 2519 1006 2587 in
1024 2523 1219 2614 praecipuis
1277 2523 1280 2529 ’

254 2639 332 2708 vitis
353 2636 423 2704 eius
435 2631 552 2700 :fidem
571 2631 788 2714 historicam„
808 2632 845 2697 in
867 2633 1061 2700 uuiversum
1078 2634 1219 2720 saltem,

135 2829 138 2838 1
234 2754 423 2837 insignem
453 2769 536 2814 esse.
581 2745 640 2810 His
673 2745 776 2830 igitur
804 2769 841 2810 se
875 2763 1009 2814 tueatur
1038 2749 1223 2818 ‚Cornelius

259 2868 374 2957 Nepos
394 2877 513 2928 eontra
530 2859 689 2954 iniquum
707 2859 955 2928 nonnullorum
971 2860 1154 2932 iudicium!

260 3037 554 3061 Μ

295 3148 349 3222 (1)
368 3101 445 3204 llaec
463 3165 499 3202 ex
514 3146 646 3204 Heerenii
663 3111 706 3200 'de
722 3139 876 3210 Plutarcho
900 3143 1002 3206 iudicio
1022 3131 1222 3222 nobis-exsui.

258 3239 381 3324 psimus,
400 3239 477 3312 quod
496 3239 640 3316 proposito
655 3249 750 3292 nostro
775 3235 882 3313 optime
902 3219 1113 3306 conveniebant

268 3359 271 3366 ·
292 3327 349 3408 (ad
364 3327 457 3386 Taceo
478 3345 593 3405 prorsus
614 3329 650 3389 de
665 3323 815 3388 Phocionis
839 3331 907 3404 vita.
