2862 4838
414 348 966 475 Ὕ-.ιιο----Ι

262 595 326 690 per
353 595 528 681 fraudem,
563 595 700 678 dolum,
733 594 842 664 scelus
868 587 1131 679 interemerint,
1169 593 1232 664 sed
1281 596 1285 611 ‘

205 723 215 738 '
263 714 365 796 §tiam
397 728 570 778 mortuum
604 709 804 800 turpissimis
836 708 1032 798 opprobriis
1063 711 1232 800 inquina-

228 855 230 860 ’
261 835 362 908 ient,
384 801 608 905 acerbissimis
631 822 792 891 conviciis
816 822 1067 909 obtrectarent,
1091 823 1234 918 morda-

263 941 472 1032 cissimisque
472 937 595 1005 dictis
619 937 849 1009 dilacerarent
871 937 969 1026 (53).

308 1052 361 1121 Ex
389 1053 456 1120 hoc
478 1053 732 1140 obiurgantium
753 1052 908 1143 examine
934 1053 1056 1118 merito
1083 1052 1235 1142 excipias

263 1169 306 1238 L.
330 1168 485 1236 Coelium
515 1169 762 1262 Antipatrum,
793 1190 897 1257 quem
929 1166 1098 1252 insignem
1131 1165 1235 1232 fuisse

264 1283 319 1366 bis
306 1283 468 1351 soricum
496 1282 585 1351 bene
616 1279 768 1348 ostendit
793 1279 982 1364 Grocnius,
1014 1279 1098 1348 elios
1125 1304 1233 1370 prae-

265 1411 359 1464 terea
377 1395 565 1490 quosdam,
586 1410 624 1462 et
640 1393 729 1461 forte
746 1395 906 1479 Livium,
929 1395 966 1496 in
988 1419 1080 1487 quo,
1103 1393 1236 1462 tametsi
1265 1485 1266 1492 ἵ

209 1569 213 1582 ,
260 1507 355 1575 baud
379 1533 488 1606 pauca
511 1508 612 1578 foeda
639 1526 742 1601 atquc
766 1507 919 1576 crudelia
950 1509 1104 1576 facinora
1135 1508 1234 1574 Han-

261 1617 373 1691 nibali
399 1624 540 1710 tribuit,
573 1640 686 1707 tantus
714 1638 826 1690 tamen
849 1622 917 1690 fuit
941 1625 1092 1692 veritatis
1120 1621 1235 1709 amor,
1273 1659 1276 1664 ·

261 1745 428 1829 tantaque
460 1740 509 1807 vis
546 1719 794 1822 eonscientiae,
837 1756 877 1806 ut
907 1738 1238 1826 Carthaginiensium
1270 1801 1273 1806 ,

260 1846 405 1918 heroem
427 1828 672 1941 saepenumero
693 1854 853 1939 egregiis,
875 1870 910 1923 et
926 1850 1050 1920 debitis
1073 1851 1235 1943 quidem,
1280 1843 1283 1848 ¹

242 2050 247 2060 A
265 1961 446 2029 cumularit
464 1963 590 2053 elogiis.
601 1959 608 1986 ²
622 1965 705 2035 'Sed
723 1959 816 2034 inter
840 1990 920 2051 ecs,
945 1968 1004 2059 qui
1028 1966 1141 2052 magni
1168 1966 1234 2034 viri

257 2075 401 2163 ¹magnas
418 2080 559 2173 uirtutes
580 2063 706 2172 resque
723 2065 970 2156 illdstrissimas·
985 2080 1142 2148 admirati
1155 2097 1256 2147 sunt*

193 2203 212 2288 ζ,
263 2181 412 2287 (loquor
427 2191 474 2274 de
489 2171 664 2284 Latinis),
677 2219 798 2283 agmen
811 2194 914 2264 ducat
927 2199 1053 2286 Nepos.
1076 2198 1108 2263 Is
1123 2197 1235 2278 enim,

159 2317 162 2360 3
192 2307 211 2348 ’-
224 2355 241 2378 ,,
263 2308 456 2398 quinoque
476 2309 658 2379 Pausaniae
678 2311 894 2405 superbiam,
925 2335 1039 2402 neque
1065 2307 1236 2401 Lysandri
1255 2377 1256 2381 ,

262 2418 519 2508 crudelitatem,
549 2423 733 2493 aliorumve
759 2425 840 2492 vitia
858 2424 1021 2506 reticuit,
1054 2440 1106 2490 tot
1133 2423 1234 2509 flagi·

262 2533 388 2601 tiorum
410 2551 544 2618 tamen,
568 2561 654 2629 qnae
681 2562 700 2602 a
721 2535 896 2628 plerisque
917 2537 1077 2603 Romanis
1098 2537 1233 2604 Hanni-

259 2644 332 2712 bali
354 2641 588 2732 obiiciuritur,
619 2647 749 2718 nullam
771 2652 979 2718 mentionem
1000 2629 1106 2734 *facitg
1142 2643 1237 2742 guod

262 2760 301 2854 in
319 2783 365 2862 eo,
381 2764 525 2831 maxime
544 2757 756 2830 laudandum
775 2767 957 2851 esse,-iam
973 2769 1053 2833 'ante
1072 2788 1125 2833 me
1146 2770 1233 2832 ceni·

263 2875 332 2942 suit
351 2874 487 2953 celeber
509 2881 719 2971 Lennepius
771 2881 820 2948 Ut
848 2865 1094 2972 enim'feeerat
1116 2880 1233 2969 Nepos
1300 2963 1306 2969 ι
1413 2871 1414 2882 ’

262 2987 303 3052 in
334 2989 567 3059 Themistocle
596 2995 694 3060 etin
723 2991 796 3060 aliis
829 2963 1055 3086 quibusdam,
1091 3015 1236 3084 quorum
1264 3049 1268 3054 ,
1298 3021 1301 3030 ¹

201 3091 203 3096 ’
263 3121 319 3166 res
335 3102 426 3171 varie
444 3085 690 3194 tradebantur,
712 3107 761 3174 sic
777 3089 889 3174 iecit
878 3130 917 3174 ιιι
936 3105 1150 3184 Hannibales
1173 3109 1233 3174 in·
1256 3187 1258 3192 Ι

264 3277 555 3306 “““·“·“-····--η

226 3377 231 3400 ”
300 3382 373 3454 (53)
389 3382 503 3444 Vindex
521 3388 647 3466 egregius
664 3389 691 3446 ei
708 3391 812 3448 exstitit
833 3393 869 3455 D.
887 3394 912 3452 J.
929 3412 983 3454 ιιι
998 3359 1176 3460 Lemsr,ll.
1190 3389 1237 3469 (Η.

172 3481 175 3487 ’
264 3470 295 3528 in
310 3471 448 3562 Oratione
465 3475 573 3560 belgica
591 3479 778 3557 Verdediging
792 3502 847 3540 van
856 3485 1064 3546 tarataram-ar
1076 3503 1132 3541 van
1149 3460 1236 3542 Hae

264 3561 366 3636 nibal,
386 3563 417 3622 in
434 3559 521 3644 opere
543 3568 621 3644 quod
638 3569 801 3652 inscribitur
821 3575 1001 3634 Bibliotheele
1012 3593 1072 3634 van
1086 3575 1158 3632 outle
1166 3578 1236 3634 Let-

261 3654 393 3714 terltwtde
417 3659 536 3736 inserta,
561 3657 632 3724 ude
647 3682 671 3718 a
686 3682 714 3737 p.
733 3669 793 3733 247.
835 3664 916 3720 Hanc
942 3657 1102 3738 orationem
1116 3660 1237 3722 nonnisi

265 3741 358 3817 Belgis
380 3754 477 3803 notam
494 3766 554 3806 esse
571 3749 717 3830 probabile
729 3764 789 3810 est:
781 3773 930 3830 .namque
947 3760 1049 3816 nostris
1066 3757 1148 3814 etiam
1163 3761 1236 3810 tern'·

230 3829 233 3838 ’
265 3832 381 3907 poribus
403 3835 475 3896 adeo
494 3833 634 3904 obstinati
648 3837 715 3902 s'unt
733 3842 837 3913 exteri,
855 3853 888 3900 ut
901 3844 947 3901 vix
964 3845 1016 3903 sibi
1027 3843 1232 3944 persuadeant,

187 3981 190 3986 .
261 3918 385 4066 Belgims
404 3924 509 3986 Literas
526 3928 622 4024 dignas
643 3951 741 4004 esse,
751 3932 857 4010 quilius
869 3931 999 3994 nonnihil
1023 3931 1176 4010 temporis
1172 3931 1235 3986 tri·

283 4019 358 4066 ueni
