2862 4838
611 413 660 438 -·
710 368 783 459 142
817 359 878 438 ⁴...

245 571 373 642 'morte
394 569 575 657 certiorem
597 568 673 636 lieri
696 568 868 666 potuisse,
893 567 987 659 quod
1008 555 1130 666 parum
1148 584 1241 662 pro··

262 685 381 756 babile
417 701 479 753 est.
547 680 674 773 Nepoti
715 703 796 750 vero
833 699 991 772 superest
1002 684 1124 772 Mago
1161 699 1242 774 post

264 823 414 918 pugnam
438 797 533 890 apud
562 800 699 874 Zamam
722 796 821 897 (40).
875 797 963 872 Item
981 798 1147 888 Appiano
1166 799 1241 870 ’Aa-

266 909 416 1002 νιβιὶικὶι,
437 937 473 1006 p·
494 902 617 996 tac.
641 934 712 1002 quo
727 908 832 977 loco
822 927 914 978 rnter
936 910 1152 980 conditiones
1172 935 1242 1004 pa-

269 1031 317 1097 cis
336 1021 675 1114 Carthaginiensibus
697 1050 715 1090 a
738 1024 901 1118 Scipione
917 1025 1134 1119 propositas,
1156 1024 1243 1098 hacc

248 1169 340 1220 ,ιιοιι
354 1145 494 1212 minima
511 1155 583 1209 est:
607 1139 685 1212 ot’
705 1141 890 1222 ἑξήκοντα·
873 1144 948 1228 ιμ’ἐρ
934 1143 1244 1228 pertoleratus
1180 1145 1244 1228 xpi

267 1265 396 1344 Λιγύων
418 1264 605 1336 ἀποστῆναι.
650 1250 775 1348 ΑάῙιορ
798 1252 1037 1341 Zonarae‚L.
1054 1256 1115 1326 lX.
1139 1279 1169 1324 c.
1190 1259 1242 1326 ιδ.

268 1375 350 1480 qui
364 1371 471 1467 tradit
514 1369 741 1455 «Magonem
770 1366 814 1434 ad
842 1370 975 1462 patriae
1006 1368 1246 1465 opitulandum

267 1485 368 1556 simul
389 1487 462 1555 fere
488 1473 566 1558 cunr
585 1483 693 1554 fratre
715 1506 889 1553 reversum
906 1483 951 1552 ad
968 1486 1114 1576 Ligures
1127 1485 1247 1553 remis·

267 1623 344 1671 sunr
356 1597 513 1674 suisse.'’
557 1599 652 1672 Haeo
671 1597 784 1666 omnia
796 1595 886 1668 vidit
902 1598 1108 1701 iampridem
1128 1601 1244 1670 Groe·

267 1717 370 1802 nius,
392 1717 491 1806 Disp.
516 1712 562 1784 de
581 1710 700 1784 Coelio
717 1727 785 1781 etc.
807 1736 844 1808 p.
863 1713 918 1782 80.
952 1705 1145 1806 qnitamen
1167 1736 1246 1814 pag.
1350 1753 1352 1762 ,

188 1913 190 1924 Ι
268 1853 344 1924 aeq.
366 1856 403 1900 ιι.
425 1851 487 1901 ιο.
507 1827 721 1928 potissimum
744 1825 791 1899 de
820 1826 976 1917 Magonis
1003 1829 1148 1897 interitu
1178 1825 1249 1901 Li,

266 1947 361 2030 vium
378 1946 527 2036 probare
544 1960 719 2014 auctorem
735 1941 1075 2013 videtur.Non1ta
1091 1943 1136 2010 U.
1152 1941 1245 2008 Bec-

264 2053 445 2160 herusop.
436 2058 490 2128 ..l
481 2085 549 2156 ..p
540 2062 646 2157 .ι96.
668 2083 705 2128 ιι.
726 2059 779 2130 64.
806 2059 882 2127 Jam
899 2057 1044 2128 Groenii
1056 2073 1245 2142 argumen-

262 2169 312 2241 t'is
333 2199 388 2242 me
411 2173 539 2248 victum
559 2175 770 2268 profiterer,
799 2173 829 2244 si
855 2173 992 2264 Nepos,
1015 2168 1121 2263 quod
1149 2164 1245 2235 rnul-

269 2307 344 2357 tum
350 2291 484 2374 abest,
513 2312 636 2378 parum
662 2286 895 2376 diligentem
884 2313 923 2359 ιιι
944 2281 1150 2358 Hannibalis
1176 2281 1246 2350 rita

205 2387 208 2394 Δ
268 2429 305 2472 se
324 2404 559 2494 praebuisset3
584 2418 657 2470 tum
684 2426 767 2484 vero
793 2405 937 2474 maxime
960 2403 989 2470 si
1015 2397 1139 2470 suade
1161 2397 1242 2470 Ma·

253 2538 363 2605 (gone
381 2517 533 2594 narratio
557 2514 777 2586 claudicaret.
821 2518 871 2586 At
891 2514 1077 2586 videamus.

312 2631 436 2718 Mago,
448 2630 522 2702 etsi
542 2630 843 2724 Carthaginienses
855 2647 944 2733 ‘post
962 2621 1134 2728 proelium
1151 2623 1245 2720 apud

271 2748 410 2820 Zamam
424 2767 502 2819 cum
518 2746 680 2817 Romanis
692 2771 813 2837 pacem
827 2761 1114 2842 composuerunt,
1135 2739 1247 2812 nihilo

259 2861 379 2960 ¹secius
395 2883 472 2928 cum
487 2859 683 2934 Hannibale
698 2861 805 2930 fratre
819 2861 986 2940 exercitui
996 2858 1145 2952 praefuit
1158 2855 1244 2946 (vid.

271 2978 364 3066 Nep.
380 2998 409 3041 c.
420 2999 452 3061 7.
464 2974 502 3065 );
521 3000 623 3068 quam
634 2978 677 3044 ob
692 3001 765 3045 rem
778 2978 897 3068 legatis
913 2974 1247 3066 Carthaginiensium
1278 2993 1280 3001 ’

216 3097 218 3108 ’
267 3089 472 3180 'petentibus
493 3105 532 3160 ut
552 3092 679 3180 captivi
694 3117 813 3162 eorum
828 3090 1081 3176 redderentur,
1102 3073 1251 3157 Romani

274 3225 310 3268 se
332 3224 403 3268 non
421 3225 478 3268 eos
497 3204 697 3300 remissurus
724 3207 947 3276 declararunt
969 3207 1084 3294 (Nep.
1102 3199 1245 3288 ibid.);

277 3337 347 3407 quo
384 3339 549 3406 responso
582 3303 879 3410 Carthaginienses
922 3320 1083 3406 cognito,
1125 3315 1282 3381 fratres-

278 3429 417 3498 domum
436 3453 652 3504 revocarunt.
683 3477 727 3489 -
762 3436 934 3504 Hannibal
954 3434 1067 3516 enim,
1089 3445 1167 3524 post
1187 3449 1253 3495 rc·'

216 3529 233 3540 '¹
267 3543 389 3636 ¹ditum
408 3545 446 3610 in
468 3548 635 3632 patriam,
658 3551 696 3617 in
718 3551 837 3624 Africa
848 3572 903 3618 res
918 3547 1076 3636 gerebat,
1098 3562 1134 3612 ct
1152 3545 1269 3630 Mago·

205 3697 207 3704 ·
277 3662 387 3749 (teste
409 3647 567 3751 Zonara)
591 3663 634 3730 ad
656 3667 796 3754 Ligures
815 3666 972 3734 remissus
997 3662 1126 3747 suerat,
1151 3677 1254 3750 atquc

277 3849 574 3873 Μ

316 3943 634 4050 (enumera.
685 3959 689 3968 ’
