2836 4842
527 391 813 494 ‚o-

214 608 468 710 Eplmtaoneas
515 601 670 702 Namque
689 614 727 678 in
749 611 927 680 Leuctrica
949 603 1083 702 pagna,
1104 611 1179 693 lma·

213 721 373 824 peratore
392 719 649 821 Epaminonda,
670 720 730 792 hio
753 723 818 792 suit
834 724 909 794 dux*
927 721 1078 798 delectae
1097 757 1174 802 ma.

197 865 302 934 ·nus3
325 868 410 938 qnae
422 841 541 939 'primn
559 832 764 933 phalangem
785 833 969 929 probtra'vit
984 831 1173 920 Laeonum.

197 961 385 1028 ·Omnibns
406 974 590 1054 'praeterea
612 954 773 1047 perieulis
796 953 920 1022 adfuit:
947 945 991 1007 '-
1019 961 1178 1054 Denique

215 1075 300 1142 haee
323 1073 389 1141 fuit
417 1071 523 1140 altera
544 1093 690 1164 persona
716 1063 872 1156 Thebis,¹
894 1067 955 1138 sed
981 1087 1092 1142 tamen
1116 1100 1175 1147 se-

196 1185 345 1284 ·onnda,
378 1188 427 1254 ita
448 1203 488 1254 nt
510 1186 666 1283 proxima
687 1175 775 1254 esset
800 1185 1069 1276 Epaminondae.
1086 1189 1110 1221 ’⁹
1131 1231 1175 1250 -

207 1304 327 1394 ltaque
346 1300 433 1369 haee
450 1301 576 1386 aliare,
601 1325 688 1391 quae
707 1301 746 1366 in
766 1299 932 1394 Pelopida
946 1284 1107 1373 brehiter'
1118 1324 1175 1375 at·

210 1420 306 1506 tigit,
328 1417 434 1484 fusius
456 1438 627 1510 exponere
641 1413 810 1482 debuitin
828 1416 1086 1509 Epaminonda3
1110 1421 1176 1491 alia

142 1613 145 1616 ¹
194 1553 291 1601 'vero
289 1527 466 1623 quibus'
456 1556 494 1598 ιιι
514 1525 753 1619 Epaminonda
773 1552 845 1597 non
859 1525 1004 1612 idoneus
1024 1548 1081 1598 aut
1101 1557 1173 1612 non

208 1645 371 1739 proprius
402 1641 488 1712 esset
516 1631 657 1728 loeus,
671 1659 711 1709 ut
738 1643 941 1710 Thebarum
969 1641 1126 1720 liberatio
1153 1671 1174 1716 a

207 1751 408 1850 Spartano'
398 1779 496 1845 rugo,
506 1754 705 1848 Pelopidae
724 1758 931 1826 reservavit.-

248 1873 315 1941 Res
331 1873 406 1966 ipsa
424 1869 554 1940 hortari
569 1869 726 1956 videtur,
749 1873 911 1963 quoniam
926 1873 1096 1945 Diodorus
1114 1878 1176 1947 Si-¹

206 1985 300 2053 onius
318 2007 373 2054 res
389 2002 496 2072 gestas
516 1985 774 2076 Epaminondae
791 1985 1045 2084 Pelopidaeqne
1060 2016 1173 2084 expo·

193 2102 294 2184 ¹ruit,
318 2117 352 2166 et
365 2098 458 2192 apud
473 2099 696 2182 Plutarchum
717 2090 855 2188 praeter
875 2101 1058 2197 Pelopidae
1070 2109 1175 2178 vitam

197 2211 373 2280 nonnulle
394 2210 508 2278 adhue
522 2208 566 2279 de
586 2209 826 2301 Epaminonda
844 2209 1173 2305 commemorantur,

203 2351 279 2395 oum
292 2325 416 2394 horum
438 2324 833 2394 historicorum'traditis
850 2325 992 2422 Nepotis
1015 2327 1175 2402 conferre

202 2441 347 2525 tradita,
381 2457 421 2507 ut
443 2437 488 2506 de
510 2438 610 2506 huius
640 2437 711 2506 fide
740 2437 926 2510 iudicium
934 2441 1018 2513 serri
1039 2465 1174 2537 queat,

203 2553 328 2623 deinde
348 2555 405 2623 de
417 2555 570 2622 lontibus
593 2575 678 2646 quos
701 2553 930 2644 probabiliter
957 2555 1043 2627 adiit
1074 2559 1172 2628 iudi·

145 2737 148 2746 ,
203 2669 294 2734 oium
314 2685 469 2736 nostram
489 2668 724 2762 interponere.

207 2781 354 2850 'Non'
343 2783 535 2870 ignoramus
554 2780 824 2870 Xenophontem
842 2785 1052 2854 Socraticum
1067 2789 1169 2855 etiam

195 2897 460 2966 Thebanorum
471 2899 667 2963 nostrorum
683 2918 738 2962 res
758 2899 939 2964 memoriae
952 2889 1167 2990 prodidisse3
1193 2963 1196 2968 .

197 3011 260 3080 sed
287 3011 400 3102 ireque
425 3032 488 3079 nos
511 3008 599 3097 fugit
621 3008 769 3078 eundem
790 3006 1118 3102 Xenophontem,‘
1106 3041 1169 3082 ιιι

199 3123 309 3191 fausto
331 3123 445 3190 studio
463 3120 627 3208 ductum,
649 3121 834 3214 plurimum
854 3143 890 3194 e't
911 3127 1171 3218 Epaminondae
1223 3116 1225 3121 ³
1281 3157 1282 3163 ¹
1372 3173 1374 3178 ·

134 3327 142 3334 .
196 3255 233 3306 et
245 3235 436 3329 Pelopidae
446 3234 557 3303 laudis
575 3234 770 3305 detraxisse.
813 3243 855 3307 In
868 3256 961 3329 tanta
978 3239 1176 3334 igitur'ho·.

179 3377 276 3446 frum
295 3353 421 3421 dueum
433 3347 658 3418 admiratione
670 3349 867 3422 Cornelium
884 3372 1059 3442 nostrum,
1075 3355 1168 3422 haud

189 3469 359 3534 ‘aeens'ao
384 3465 626 3552 Plutarchum,
657 3467 696 3533 in
721 3490 840 3537 eornm
867 3469 943 3538 ritis
965 3465 1168 3538 dnarrandis

197 3603 272 3646 non
304 3580 569 3672 Xenophontem
593 3580 660 3646 sibi
683 3579 808 3650 ducem
823 3583 828 3594 ’
841 3583 976 3673 eligere·
993 3585 1166 3682 potuisse,
1253 3669 1257 3680 ι

191 3695 254 3769 ¹six
274 3715 360 3782 opas
381 3708 431 3758 est
450 3710 490 3760 ut
506 3716 702 3763 moneamus
725 3696 800 3787 (ι).
897 3743 903 3756 .
931 3705 937 3722 ’
973 3708 978 3728 ·
1016 3741 1020 3748 ·

193 3853 198 3866 ι

201 3875 487 3896 mn-

358 3906 361 3916 ι

234 3991 575 4070 (sternamur
643 3945 665 4046 ’,
