2862 4838
238 1337 358 1438 Xxv.
390 1359 530 1445 ιιιιιι
553 1361 836 1484 Postremus
856 1369 1068 1464 Amicos.
1129 1395 1131 1404 ·

167 1699 311 1808 Ultima
338 1687 482 1834 Nepotis
518 1740 688 1836 vitarum,
721 1774 804 1844 quas
836 1749 935 1822 nobis
970 1747 1136 1822 concessit

163 1837 319 1939 fortuna,
342 1873 393 1924 est
413 1847 472 1926 illa
496 1862 569 1928 Titi
589 1849 780 1964 Pomponii
789 1870 923 1954 Attici,
948 1871 1040 1936 cuius
1065 1889 1132 1934 na

153 1959 306 2034 'turam
304 1985 339 2034 et
363 1995 497 2060 mores,
527 1995 694 2068 quantum
720 1980 858 2067 ingenio
880 1999 1015 2075 posset,
1043 2008 1130 2072 ape-

160 2080 243 2172 ruit.
266 2071 368 2149 Alia
383 2075 482 2152 buius
501 2091 611 2177 ritae,
636 2092 738 2182 quam
751 2095 963 2186 reliquarum
981 2099 1132 2164 omnium

156 2189 207 2280 ,ἀι
231 2183 356 2286 quibus
380 2183 644 2291 disputavimus,
667 2223 718 2272 est
733 2203 831 2276 ratio.
875 2211 954 2277 Non
976 2211 1067 2275 enim
1088 2233 1130 2275 ex

160 2308 412 2400 antiquioribus
441 2320 652 2386 auctoribus
672 2323 830 2410 cognovit
858 2297 1036 2403 Allicum‚
1067 2307 1129 2388 sel

160 2443 219 2510 ea,
258 2410 344 2514 quae
372 2426 415 2494 de
448 2454 488 2496 eo
521 2435 678 2524 scripsit,
716 2437 843 2529 partim
869 2436 944 2527 ipse
970 2433 1130 2519 viderat,

159 2539 324 2626 partima
352 2544 492 2611 testibus
518 2547 659 2641 oculatis
689 2567 889 2640 acceperat,
916 2549 1056 2640 'aliaque
1080 2566 1129 2616 'ex

151 2645 274 2741 ipsius
285 2647 412 2722 Attici
410 2659 665 2752 Ciceronisque
693 2663 918 2732 familiaritate
943 2663 1034 2729 bene
1058 2684 1127 2728 no·
1143 2701 1145 2710 ·
1185 2687 1192 2702 ¹

123 2823 129 2829 .
157 2771 262 2834 verat.
308 2766 603 2856 Quemadmodum
623 2769 821 2864 Xenophon
842 2774 1009 2872 Agesilai,
1034 2775 1128 2866 cuius

158 2841 385 2962 familiaritate
398 2909 477 2953 usus
490 2903 560 2970 est,
584 2887 729 2974 elogium
742 2890 954 2982 composuit,
973 2889 1020 2954 ita
1035 2889 1127 2956 Cor
1128 2953 1133 2960 ,

103 3063 105 3070 ⁴
152 2992 267 3094 'nelius
291 2999 405 3088 Nepos
428 2999 604 3068 Ciceronis
630 3019 664 3068 et
685 3003 819 3101 Attici,
852 3001 1006 3092 quibus
996 3025 1125 3091 iucun-

93 3129 99 3134 ·
153 3106 314 3176 'dissimus
344 3129 441 3198 erat,
484 3109 569 3182 vitas
590 3119 789 3202 'enarravib
840 3115 1021 3183 Probabile
1046 3132 1126 3200 est‘,
1211 3197 1215 3207 X
1296 3181 1299 3188 .

156 3245 234 3288 eum
253 3219 365 3290 statim
390 3243 639 3326 postmortem
664 3229 840 3325 Ciceronis
864 3227 926 3318 (1)
959 3226 1001 3294 de
1024 3227 1124 3308 buius

156 3337 223 3405 vita
251 3337 358 3406 libros
395 3343 621 3434 composuisse
654 3343 747 3432 (2);
784 3341 1122 3434 bisquefco'nfectis,

161 3633 164 3635 ’
189 3621 240 3695 (ι)
258 3619 347 3678 Natus
366 3632 410 3678 est
425 3625 463 3680 Μ.
481 3625 545 3683 Tul.
567 3627 666 3688 Cicero
687 3645 730 3688 ιιι·
745 3627 780 3688 U.
799 3626 831 3686 C.
852 3633 1058 3698 6l7.'mortnns
1075 3647 1119 3688 att.

155 3727 221 3779 7¹⁰5
249 3710 316 3768 vixit
335 3709 420 3785 igitur
437 3735 525 3775 anuos
541 3725 582 3778 63.
605 3720 694 3776 Natus
711 3731 754 3796 est
773 3721 807 3775 Τ.
828 3719 927 3797 Pomp,
945 3721 1053 3776 Atticus
1075 3740 1118 3778 an.

153 3801 188 3858 U·
202 3803 235 3860 C·
251 3805 322 3875 fill,
341 3805 461 3862 triennio
482 3819 547 3868 ante
562 3811 741 3878 Ciceronem}
760 3807 828 3865 obiit
853 3825 927 3872 anno
942 3807 1038 3862 aetatis
1055 3827 1123 3883 sep·

153 3896 314 3970 tuagesimo
323 3885 467 3991 septimo,
485 3921 536 3957 an.
544 3902 584 3958 U.
598 3901 631 3958 C.
649 3909 767 3970 721,‘ut
786 3897 825 3953 ita
846 3890 975 3978 Ciceroni
991 3895 1121 3958 undecim

155 4003 244 4040 annos
261 3987 401 4064 superstes
419 3990 557 4049 bresit

187 4075 240 4150 (ι)
259 4079 388 4154 Quorum
409 4081 581 4142 mentionem
603 4077 667 4144 lucit
684 4079 750 4134 Ant.
770 4079 853 4138 Grtt.
870 4071 911 4138 N.
922 4080 958 4138 Α,
976 4076 1042 4140 XV
1053 4087 1102 4139 ιθ
1146 4083 1151 4094 ’
